,addrTag,askPrice1,askPrice2,askPrice3,askPrice4,askPrice5,askVolume1,askVolume2,askVolume3,askVolume4,askVolume5,bidPrice1,bidPrice2,bidPrice3,bidPrice4,bidPrice5,bidVolume1,bidVolume2,bidVolume3,bidVolume4,bidVolume5,broker,clock,exchTime,exchTimeUnderMs,high,iopv,last,localTime,localTimeUnderMs,low,numTrades,open,phaseCode,preClosePrice,status,tickerIndex,tickerName,totalAskQty,totalBidQty,tradingDay,turnover,volume,weightedAvgAskPrc,weightedAvgBidPrc
0,0,,,,,,0,0,0,0,0,,,,,,0,0,0,0,0,0,3255368,32112000,0,,0,,32946141,813842,,0,,,22.06,0,0,000001.SZ,0,0,20210706,0,0,,
5968,0,22.07,,,,,900,0,0,0,0,22.07,,,,,900,700,0,0,0,0,2140308,33300000,0,,0,,33300521,535077,,0,,,22.06,0,0,000001.SZ,0,0,20210706,0,0,,
5969,0,22.07,,,,,900,0,0,0,0,22.07,,,,,900,700,0,0,0,0,2174996,33300000,0,,0,,33300521,543749,,0,,,22.06,0,0,000001.SZ,0,0,20210706,0,0,,
14776,0,22.18,,,,,30600,6000,0,0,0,22.18,,,,,30600,0,0,0,0,0,3644408,33309000,0,,0,,33309511,911102,,0,,,22.06,0,0,000001.SZ,0,0,20210706,0,0,,
19176,0,22.18,,,,,36100,1400,0,0,0,22.18,,,,,36100,0,0,0,0,0,54728,33318000,0,,0,,33318550,13682,,0,,,22.06,0,0,000001.SZ,0,0,20210706,0,0,,
21029,0,22.18,,,,,36200,2300,0,0,0,22.18,,,,,36200,0,0,0,0,0,3027076,33327000,0,,0,,33327533,756769,,0,,,22.06,0,0,000001.SZ,0,0,20210706,0,0,,
22351,0,22.2,,,,,40800,5200,0,0,0,22.2,,,,,40800,0,0,0,0,0,427812,33336000,0,,0,,33336535,106953,,0,,,22.06,0,0,000001.SZ,0,0,20210706,0,0,,
23604,0,22.2,,,,,41400,4500,0,0,0,22.2,,,,,41400,0,0,0,0,0,3125556,33345000,0,,0,,33345520,781389,,0,,,22.06,0,0,000001.SZ,0,0,20210706,0,0,,
24919,0,22.06,,,,,64200,3000,0,0,0,22.06,,,,,64200,0,0,0,0,0,1824348,33354000,0,,0,,33354568,456087,,0,,,22.06,0,0,000001.SZ,0,0,20210706,0,0,,
26303,0,22.06,,,,,64800,2400,0,0,0,22.06,,,,,64800,0,0,0,0,0,1665052,33363000,0,,0,,33363554,416263,,0,,,22.06,0,0,000001.SZ,0,0,20210706,0,0,,
27888,0,22.05,,,,,61100,200,0,0,0,22.05,,,,,61100,0,0,0,0,0,2957480,33372000,0,,0,,33372539,739370,,0,,,22.06,0,0,000001.SZ,0,0,20210706,0,0,,
32792,0,22.05,,,,,61200,100,0,0,0,22.05,,,,,61200,0,0,0,0,0,2566696,33399000,0,,0,,33399559,641674,,0,,,22.06,0,0,000001.SZ,0,0,20210706,0,0,,
34561,0,22.05,,,,,61300,2800,0,0,0,22.05,,,,,61300,0,0,0,0,0,3352300,33408000,0,,0,,33408544,838075,,0,,,22.06,0,0,000001.SZ,0,0,20210706,0,0,,
38117,0,22.05,,,,,59700,6400,0,0,0,22.05,,,,,59700,0,0,0,0,0,1014308,33426000,0,,0,,33426516,253577,,0,,,22.06,0,0,000001.SZ,0,0,20210706,0,0,,
39982,0,22.05,,,,,62100,4300,0,0,0,22.05,,,,,62100,0,0,0,0,0,3959996,33435000,0,,0,,33435563,989999,,0,,,22.06,0,0,000001.SZ,0,0,20210706,0,0,,
41818,0,22.05,,,,,63100,3600,0,0,0,22.05,,,,,63100,0,0,0,0,0,4112,33444000,0,,0,,33444550,1028,,0,,,22.06,0,0,000001.SZ,0,0,20210706,0,0,,
43667,0,22.05,,,,,63200,3500,0,0,0,22.05,,,,,63200,0,0,0,0,0,2496976,33453000,0,,0,,33453535,624244,,0,,,22.06,0,0,000001.SZ,0,0,20210706,0,0,,
45528,0,22.05,,,,,63200,3900,0,0,0,22.05,,,,,63200,0,0,0,0,0,2141656,33462000,0,,0,,33462521,535414,,0,,,22.06,0,0,000001.SZ,0,0,20210706,0,0,,
47409,0,22.05,,,,,63400,3900,0,0,0,22.05,,,,,63400,0,0,0,0,0,76964,33471000,0,,0,,33471569,19241,,0,,,22.06,0,0,000001.SZ,0,0,20210706,0,0,,
54988,0,22.05,,,,,63400,4200,0,0,0,22.05,,,,,63400,0,0,0,0,0,672620,33507000,0,,0,,33507512,168155,,0,,,22.06,0,0,000001.SZ,0,0,20210706,0,0,,
56852,0,22.05,,,,,63400,4700,0,0,0,22.05,,,,,63400,0,0,0,0,0,668664,33516000,0,,0,,33516560,167166,,0,,,22.06,0,0,000001.SZ,0,0,20210706,0,0,,
58697,0,22.05,,,,,64100,5500,0,0,0,22.05,,,,,64100,0,0,0,0,0,399164,33525000,0,,0,,33525546,99791,,0,,,22.06,0,0,000001.SZ,0,0,20210706,0,0,,
60607,0,22.05,,,,,41400,29800,0,0,0,22.05,,,,,41400,0,0,0,0,0,2155416,33534000,0,,0,,33534531,538854,,0,,,22.06,0,0,000001.SZ,0,0,20210706,0,0,,
62407,0,22.05,,,,,40500,32400,0,0,0,22.05,,,,,40500,0,0,0,0,0,2320348,33543000,0,,0,,33543579,580087,,0,,,22.06,0,0,000001.SZ,0,0,20210706,0,0,,
64302,0,22.05,,,,,40500,32800,0,0,0,22.05,,,,,40500,0,0,0,0,0,1109132,33552000,0,,0,,33552565,277283,,0,,,22.06,0,0,000001.SZ,0,0,20210706,0,0,,
66138,0,22.05,,,,,40500,34300,0,0,0,22.05,,,,,40500,0,0,0,0,0,630928,33561000,0,,0,,33561551,157732,,0,,,22.06,0,0,000001.SZ,0,0,20210706,0,0,,
67939,0,22.05,,,,,40500,34400,0,0,0,22.05,,,,,40500,0,0,0,0,0,2117320,33570000,0,,0,,33570536,529330,,0,,,22.06,0,0,000001.SZ,0,0,20210706,0,0,,
69668,0,22.05,,,,,40900,34000,0,0,0,22.05,,,,,40900,0,0,0,0,0,2027504,33579000,0,,0,,33579522,506876,,0,,,22.06,0,0,000001.SZ,0,0,20210706,0,0,,
71431,0,22.05,,,,,40900,34600,0,0,0,22.05,,,,,40900,0,0,0,0,0,3461984,33588000,0,,0,,33588569,865496,,0,,,22.06,0,0,000001.SZ,0,0,20210706,0,0,,
73256,0,22.05,,,,,37200,38300,0,0,0,22.05,,,,,37200,0,0,0,0,0,3815416,33597000,0,,0,,33597555,953854,,0,,,22.06,0,0,000001.SZ,0,0,20210706,0,0,,
74090,0,22.05,,,,,36700,38800,0,0,0,22.05,,,,,36700,0,0,0,0,0,989920,33600000,0,,0,,33600551,247480,,0,,,22.06,0,0,000001.SZ,0,0,20210706,0,0,,
75867,0,22.05,,,,,51700,25700,0,0,0,22.05,,,,,51700,0,0,0,0,0,111116,33609000,0,,0,,33609537,27779,,0,,,22.06,0,0,000001.SZ,0,0,20210706,0,0,,
77546,0,22.05,,,,,56000,21700,0,0,0,22.05,,,,,56000,0,0,0,0,0,3416608,33618000,0,,0,,33618522,854152,,0,,,22.06,0,0,000001.SZ,0,0,20210706,0,0,,
79192,0,22.05,,,,,56700,21600,0,0,0,22.05,,,,,56700,0,0,0,0,0,1088980,33627000,0,,0,,33627570,272245,,0,,,22.06,0,0,000001.SZ,0,0,20210706,0,0,,
80793,0,22.05,,,,,58700,21100,0,0,0,22.05,,,,,58700,0,0,0,0,0,1221896,33636000,0,,0,,33636556,305474,,0,,,22.06,0,0,000001.SZ,0,0,20210706,0,0,,
82492,0,22.05,,,,,58700,22000,0,0,0,22.05,,,,,58700,0,0,0,0,0,3800040,33645000,0,,0,,33645541,950010,,0,,,22.06,0,0,000001.SZ,0,0,20210706,0,0,,
84197,0,22.05,,,,,64600,16300,0,0,0,22.05,,,,,64600,0,0,0,0,0,576100,33654000,0,,0,,33654528,144025,,0,,,22.06,0,0,000001.SZ,0,0,20210706,0,0,,
85981,0,22.05,,,,,66200,14800,0,0,0,22.05,,,,,66200,0,0,0,0,0,2730128,33663000,0,,0,,33663575,682532,,0,,,22.06,0,0,000001.SZ,0,0,20210706,0,0,,
87765,0,22.05,,,,,66600,33000,0,0,0,22.05,,,,,66600,0,0,0,0,0,1490192,33672000,0,,0,,33672561,372548,,0,,,22.06,0,0,000001.SZ,0,0,20210706,0,0,,
89543,0,22.05,,,,,67000,43800,0,0,0,22.05,,,,,67000,0,0,0,0,0,3732792,33681000,0,,0,,33681546,933198,,0,,,22.06,0,0,000001.SZ,0,0,20210706,0,0,,
91373,0,22.05,,,,,67000,48400,0,0,0,22.05,,,,,67000,0,0,0,0,0,3686336,33690000,0,,0,,33690532,921584,,0,,,22.06,0,0,000001.SZ,0,0,20210706,0,0,,
93156,0,22.05,,,,,67000,49000,0,0,0,22.05,,,,,67000,0,0,0,0,0,1726200,33699000,0,,0,,33699518,431550,,0,,,22.06,0,0,000001.SZ,0,0,20210706,0,0,,
95027,0,22.05,,,,,67400,49100,0,0,0,22.05,,,,,67400,0,0,0,0,0,158436,33708000,0,,0,,33708566,39609,,0,,,22.06,0,0,000001.SZ,0,0,20210706,0,0,,
96971,0,22.05,,,,,67400,51100,0,0,0,22.05,,,,,67400,0,0,0,0,0,562616,33717000,0,,0,,33717552,140654,,0,,,22.06,0,0,000001.SZ,0,0,20210706,0,0,,
98933,0,22.0,,,,,70000,0,0,0,0,22.0,,,,,70000,700,0,0,0,0,1836828,33726000,0,,0,,33726537,459207,,0,,,22.06,0,0,000001.SZ,0,0,20210706,0,0,,
100917,0,22.0,,,,,72000,0,0,0,0,22.0,,,,,72000,800,0,0,0,0,1990404,33735000,0,,0,,33735523,497601,,0,,,22.06,0,0,000001.SZ,0,0,20210706,0,0,,
102932,0,22.0,,,,,73800,400,0,0,0,22.0,,,,,73800,0,0,0,0,0,3572284,33744000,0,,0,,33744570,893071,,0,,,22.06,0,0,000001.SZ,0,0,20210706,0,0,,
105039,0,22.0,,,,,73800,5200,0,0,0,22.0,,,,,73800,0,0,0,0,0,3022052,33753000,0,,0,,33753556,755513,,0,,,22.06,0,0,000001.SZ,0,0,20210706,0,0,,
107217,0,22.0,,,,,74100,5100,0,0,0,22.0,,,,,74100,0,0,0,0,0,848312,33762000,0,,0,,33762542,212078,,0,,,22.06,0,0,000001.SZ,0,0,20210706,0,0,,
109422,0,22.0,,,,,74100,15610,0,0,0,22.0,,,,,74100,0,0,0,0,0,1179088,33771000,0,,0,,33771528,294772,,0,,,22.06,0,0,000001.SZ,0,0,20210706,0,0,,
111679,0,21.99,,,,,74100,5900,0,0,0,21.99,,,,,74100,0,0,0,0,0,384756,33780000,0,,0,,33780576,96189,,0,,,22.06,0,0,000001.SZ,0,0,20210706,0,0,,
114008,0,21.99,,,,,74700,10200,0,0,0,21.99,,,,,74700,0,0,0,0,0,3415508,33789000,0,,0,,33789561,853877,,0,,,22.06,0,0,000001.SZ,0,0,20210706,0,0,,
116410,0,21.99,,,,,75200,9700,0,0,0,21.99,,,,,75200,0,0,0,0,0,2957132,33798000,0,,0,,33798547,739283,,0,,,22.06,0,0,000001.SZ,0,0,20210706,0,0,,
118873,0,21.9,,,,,83700,0,0,0,0,21.9,,,,,83700,2900,0,0,0,0,778776,33807000,0,,0,,33807533,194694,,0,,,22.06,0,0,000001.SZ,0,0,20210706,0,0,,
121429,0,21.9,,,,,87200,1600,0,0,0,21.9,,,,,87200,0,0,0,0,0,3122936,33816000,0,,0,,33816518,780734,,0,,,22.06,0,0,000001.SZ,0,0,20210706,0,0,,
124033,0,21.87,,,,,89800,12300,0,0,0,21.87,,,,,89800,0,0,0,0,0,2215980,33825000,0,,0,,33825566,553995,,0,,,22.06,0,0,000001.SZ,0,0,20210706,0,0,,
126763,0,21.87,,,,,100700,5400,0,0,0,21.87,,,,,100700,0,0,0,0,0,3568268,33834000,0,,0,,33834552,892067,,0,,,22.06,0,0,000001.SZ,0,0,20210706,0,0,,
129583,0,21.87,,,,,102300,16300,0,0,0,21.87,,,,,102300,0,0,0,0,0,2378980,33843000,0,,0,,33843600,594745,,0,,,22.06,0,0,000001.SZ,0,0,20210706,0,0,,
132717,0,21.82,,,,,117800,0,0,0,0,21.82,,,,,117800,800,0,0,0,0,2142436,33852000,0,,0,,33852524,535609,,0,,,22.06,0,0,000001.SZ,0,0,20210706,0,0,,
136417,0,21.81,,,,,130800,0,0,0,0,21.81,,,,,130800,11400,0,0,0,0,861040,33861000,0,,0,,33861572,215260,,0,,,22.06,0,0,000001.SZ,0,0,20210706,0,0,,
140429,0,21.8,,,,,167700,3900,0,0,0,21.8,,,,,167700,0,0,0,0,0,59964,33870000,0,,0,,33870558,14991,,0,,,22.06,0,0,000001.SZ,0,0,20210706,0,0,,
144441,0,21.8,,,,,187300,0,0,0,0,21.8,,,,,187300,2300,0,0,0,0,2205760,33879000,0,,0,,33879543,551440,,0,,,22.06,0,0,000001.SZ,0,0,20210706,0,0,,
148837,0,21.8,,,,,215900,0,0,0,0,21.8,,,,,215900,15400,0,0,0,0,2516316,33888000,0,,0,,33888529,629079,,0,,,22.06,0,0,000001.SZ,0,0,20210706,0,0,,
153669,0,21.8,,,,,274100,0,0,0,0,21.8,,,,,274100,17700,0,0,0,0,1061696,33897000,0,,0,,33897578,265424,,0,,,22.06,0,0,000001.SZ,0,0,20210706,0,0,,
155693,0,22.09,22.1,22.11,22.12,22.13,800,1100,100,800,2000,22.08,22.07,22.06,22.05,22.04,76190,10300,4500,231100,200,0,2602820,33900000,0,22.08,0,22.08,33900580,650705,22.08,269,22.08,,22.06,0,0,000001.SZ,3488956,1127890,20210706,12086812,547410,23.16,21.47
155694,0,22.09,22.1,22.11,22.12,22.13,800,1100,100,800,2000,22.08,22.07,22.06,22.05,22.04,76190,10300,4500,231100,200,0,2624220,33900000,0,22.08,0,22.08,33900580,656055,22.08,269,22.08,,22.06,0,0,000001.SZ,3488956,1127890,20210706,12086812,547410,23.16,21.47
168538,0,22.08,22.09,22.1,22.11,22.12,41710,147300,200,1000,3600,22.07,22.06,22.05,22.04,22.02,7600,4600,231100,200,1200,0,2261632,34200000,0,22.11,0,22.08,34200544,565408,22.07,305,22.08,,22.06,0,0,000001.SZ,3748966,1079600,20210706,15969227,723200,23.09,21.43
168539,0,22.08,22.09,22.1,22.11,22.12,41710,147300,200,1000,3600,22.07,22.06,22.05,22.04,22.02,7600,4600,231100,200,1200,0,2290128,34200000,0,22.11,0,22.08,34200544,572532,22.07,305,22.08,,22.06,0,0,000001.SZ,3748966,1079600,20210706,15969227,723200,23.09,21.43
172971,0,22.06,22.08,22.09,22.1,22.11,9200,51000,159910,6800,6300,22.05,22.04,22.02,22.01,22.0,226300,1200,1200,5100,6800,0,2167192,34203000,0,22.11,0,22.05,34203655,541798,22.05,485,22.08,,22.06,0,0,000001.SZ,4544566,1164900,20210706,20222119,915865,23.02,21.42
177831,0,22.01,22.05,22.07,22.08,22.09,1000,3700,5900,7100,162510,22.0,21.99,21.98,21.97,21.95,6000,100,500,2400,200,0,3120700,34206000,0,22.11,0,22.05,34206589,780175,22.0,707,22.08,,22.06,0,0,000001.SZ,4689566,968100,20210706,28136391,1274665,23.01,21.23
182635,0,22.07,22.08,22.09,22.1,22.11,10200,34800,163110,8500,6300,22.06,22.05,22.02,22.01,22.0,58500,43800,300,700,14400,0,3876376,34209000,0,22.11,0,22.06,34209583,969094,22.0,805,22.08,,22.06,0,0,000001.SZ,4920566,1083700,20210706,29854281,1352565,22.98,21.31
187121,0,22.0,22.03,22.04,22.05,22.06,100,15900,100,14700,40700,21.99,21.98,21.97,21.95,21.94,100,500,2400,200,200,0,2753200,34212000,0,22.11,0,22.0,34212578,688300,22.0,883,22.08,,22.06,0,0,000001.SZ,4980666,968300,20210706,33349523,1511065,22.97,21.22
191829,0,22.01,22.04,22.05,22.06,22.07,100,100,12900,24000,5000,21.98,21.97,21.95,21.94,21.93,5700,2400,200,200,600,0,22356,34215000,0,22.11,0,21.98,34215572,5589,21.98,921,22.08,,22.06,0,0,000001.SZ,4947266,973400,20210706,33909004,1536465,22.97,21.23
195482,0,21.99,22.0,22.01,22.04,22.05,6900,100,300,100,12900,21.95,21.94,21.93,21.92,21.9,15200,200,600,1700,34700,0,3785444,34218000,0,22.11,0,21.99,34218567,946361,21.95,953,22.08,,22.06,0,0,000001.SZ,4954366,981300,20210706,34344011,1556265,22.97,21.23
199303,0,21.97,21.98,22.04,22.05,22.06,500,4900,200,13200,28400,21.96,21.92,21.9,21.89,21.88,100,2600,34700,100,1800,0,3386616,34221000,0,22.11,0,21.97,34221565,846654,21.92,984,22.08,,22.06,0,0,000001.SZ,4949166,966500,20210706,35121496,1591665,22.97,21.22
203673,0,21.98,21.99,22.04,22.05,22.06,7400,10500,5700,12500,27000,21.97,21.96,21.93,21.92,21.9,200,100,11100,29800,32700,0,3487032,34224000,0,22.11,0,21.98,34224560,871758,21.92,1033,22.08,,22.06,0,0,000001.SZ,4960366,1001300,20210706,35420165,1605265,22.97,21.25
208072,0,22.0,22.03,22.04,22.05,22.06,2100,1400,8100,7500,27000,21.99,21.98,21.97,21.96,21.95,1200,16800,20500,200,12400,0,3371908,34227000,0,22.11,0,21.99,34227555,842977,21.92,1069,22.08,,22.06,0,0,000001.SZ,4948066,1032900,20210706,36385170,1649165,22.97,21.27
211742,0,22.03,22.04,22.05,22.06,22.07,300,3000,7500,27000,5300,22.01,22.0,21.99,21.98,21.97,1600,7400,600,21100,20500,0,300048,34230000,0,22.11,0,22.01,34230551,75012,21.92,1105,22.08,,22.06,0,0,000001.SZ,4928566,1038300,20210706,37089141,1681165,22.98,21.27
216153,0,22.05,22.06,22.07,22.08,22.09,7600,27000,5300,4000,165210,22.01,22.0,21.99,21.98,21.97,1300,2900,600,21100,22400,0,2408204,34233000,0,22.11,0,22.03,34233551,602051,21.92,1145,22.08,,22.06,0,0,000001.SZ,4927366,1009400,20210706,37591325,1703965,22.98,21.25
219971,0,22.04,22.05,22.06,22.07,22.08,2400,7600,4700,5300,4000,22.02,22.01,22.0,21.99,21.98,2200,13900,5700,8900,15600,0,364592,34236000,0,22.11,0,22.02,34236544,91148,21.92,1185,22.08,,22.06,0,0,000001.SZ,4909166,1010800,20210706,38694112,1754065,22.98,21.26
224119,0,22.04,22.05,22.06,22.07,22.08,1800,5300,4700,5300,4000,22.03,22.02,22.01,22.0,21.99,17300,13200,8700,5700,9900,0,3154224,34239000,0,22.11,0,22.03,34239538,788556,21.92,1220,22.08,,22.06,0,0,000001.SZ,4910166,1050000,20210706,39174407,1775865,22.98,21.28
228589,0,22.06,22.07,22.08,22.09,22.1,4700,5800,4400,165210,9200,22.05,22.04,22.03,22.01,22.0,11300,1500,13400,12100,6000,0,2423820,34242000,0,22.11,0,22.05,34242532,605955,21.92,1262,22.08,,22.06,0,0,000001.SZ,4905366,1040400,20210706,39551305,1792965,22.98,21.28
232671,0,22.06,22.07,22.08,22.09,22.1,26800,3500,4300,165210,9200,22.04,22.03,22.01,22.0,21.99,1500,19200,12000,7800,9900,0,3251376,34245000,0,22.11,0,22.06,34245528,812844,21.92,1303,22.08,,22.06,0,0,000001.SZ,4922466,1041700,20210706,39981232,1812465,22.98,21.27
237121,0,22.04,22.05,22.06,22.07,22.08,100,5000,26900,3500,4300,22.03,22.02,22.01,22.0,21.99,18800,100,13400,14600,11700,0,3877060,34248000,0,22.11,0,22.03,34248581,969265,21.92,1320,22.08,,22.06,0,0,000001.SZ,4922466,1041400,20210706,40161956,1820665,22.98,21.27
241278,0,22.05,22.06,22.07,22.08,22.09,3600,6900,3500,10200,160610,22.04,22.03,22.02,22.01,22.0,4500,18800,200,13300,14600,0,1974604,34251000,0,22.11,0,22.05,34251577,493651,21.92,1346,22.08,,22.06,0,0,000001.SZ,4885366,1045700,20210706,40858916,1852265,22.98,21.28
245400,0,22.06,22.07,22.08,22.09,22.1,7200,3500,10200,160610,10700,22.03,22.02,22.01,22.0,21.99,5200,200,13300,13200,11700,0,1609840,34254000,0,22.11,0,22.03,34254572,402460,21.92,1381,22.08,,22.06,0,0,000001.SZ,4885766,1027100,20210706,41936724,1901165,22.99,21.26
249475,0,22.04,22.05,22.06,22.07,22.08,1200,2000,12200,3500,10400,22.0,21.99,21.98,21.97,21.96,7100,18000,15300,7700,1700,0,107368,34257000,0,22.11,0,22.05,34257569,26842,21.92,1438,22.08,,22.06,0,0,000001.SZ,4895866,1004500,20210706,45936936,2082965,22.98,21.25
253587,0,22.03,22.04,22.05,22.06,22.07,600,6700,1500,12900,3700,22.0,21.99,21.98,21.97,21.96,13600,18000,15300,7700,1700,0,624224,34260000,0,22.11,0,22.03,34260564,156056,21.92,1457,22.08,,22.06,0,0,000001.SZ,4916066,1000500,20210706,46150751,2092665,22.98,21.24
257731,0,22.0,22.02,22.03,22.04,22.05,1300,300,8400,9000,6500,21.99,21.98,21.97,21.96,21.95,15300,4600,7700,1700,600,0,2015348,34263000,0,22.11,0,22.0,34263562,503837,21.92,1503,22.08,,22.06,0,0,000001.SZ,4917766,978900,20210706,46977945,2130265,22.98,21.22
261873,0,22.02,22.03,22.04,22.05,22.06,11000,8200,8700,9000,12500,22.0,21.99,21.98,21.97,21.96,1500,4300,4600,7700,1700,0,198468,34266000,0,22.11,0,22.0,34266558,49617,21.92,1560,22.08,,22.06,0,0,000001.SZ,4950566,973400,20210706,47501540,2154065,22.98,21.22
266016,0,21.99,22.0,22.01,22.02,22.03,9000,4000,6300,500,8200,21.98,21.97,21.96,21.95,21.92,100,2500,1700,600,100,0,2520984,34269000,0,22.11,0,21.98,34269550,630246,21.92,1597,22.08,,22.06,0,0,000001.SZ,4961966,961000,20210706,48570581,2202665,22.98,21.2
270167,0,22.0,22.01,22.02,22.03,22.04,6500,5000,400,8300,8700,21.99,21.98,21.97,21.96,21.95,4000,500,6300,25900,600,0,3165100,34272000,0,22.11,0,21.99,34272546,791275,21.92,1661,22.08,,22.06,0,0,000001.SZ,4966166,998500,20210706,50082789,2271465,22.98,21.24
274315,0,22.03,22.04,22.05,22.06,22.07,7800,8400,9900,12300,3700,22.02,22.01,22.0,21.99,21.98,200,2400,5100,23400,16400,0,3746824,34275000,0,22.11,0,22.02,34275542,936706,21.92,1696,22.08,,22.06,0,0,000001.SZ,4957766,1022300,20210706,50553695,2292865,22.98,21.25
278491,0,22.03,22.04,22.05,22.06,22.07,3400,29400,9900,12300,3700,22.02,22.01,22.0,21.99,21.98,15900,1800,10600,23100,16500,0,26504,34278000,0,22.11,0,22.02,34278537,6626,21.92,1725,22.08,,22.06,0,0,000001.SZ,4984866,1041900,20210706,50859849,2306765,22.97,21.26
282629,0,22.03,22.04,22.05,22.06,22.07,20000,10800,10000,12300,3700,22.02,22.0,21.99,21.98,21.97,14700,500,4900,16600,6500,0,1722032,34281000,0,22.11,0,22.03,34281534,430508,21.92,1798,22.08,,22.06,0,0,000001.SZ,4994866,1013200,20210706,52797500,2394765,22.97,21.24
286745,0,22.02,22.03,22.04,22.05,22.06,3300,7700,10800,5600,13500,21.99,21.98,21.97,21.96,21.95,4800,17100,6500,2800,600,0,3998520,34284000,0,22.11,0,22.02,34284531,999630,21.92,1875,22.08,,22.06,0,0,000001.SZ,4983266,1003500,20210706,54101260,2453965,22.98,21.23
290903,0,22.0,22.02,22.03,22.04,22.05,100,2500,7800,10900,5600,21.98,21.97,21.96,21.95,21.94,400,1600,2800,600,600,0,2279952,34287000,0,22.11,0,21.98,34287583,569988,21.92,1939,22.08,,22.06,0,0,000001.SZ,4967266,977300,20210706,55368432,2511565,22.98,21.21
295000,0,21.99,22.02,22.03,22.04,22.05,400,4100,7800,10800,5600,21.98,21.97,21.96,21.95,21.94,3800,1600,2800,600,600,0,1436036,34290000,0,22.11,0,21.99,34290580,359009,21.92,1955,22.08,,22.06,0,0,000001.SZ,4972266,980800,20210706,55507033,2517865,22.98,21.21
299120,0,21.96,21.98,21.99,22.0,22.02,119300,1500,2900,400,7600,21.92,21.9,21.89,21.88,21.87,1300,11700,100,1800,2100,0,871508,34293000,0,22.11,0,21.94,34293573,217877,21.92,1996,22.08,,22.06,0,0,000001.SZ,5093466,972200,20210706,55783857,2530465,22.95,21.2
303243,0,21.96,21.98,21.99,22.0,22.02,112000,3100,3300,200,7800,21.92,21.9,21.89,21.88,21.87,3800,23800,100,1800,2100,0,1488804,34296000,0,22.11,0,21.92,34296569,372201,21.92,2014,22.08,,22.06,0,0,000001.SZ,5098466,987200,20210706,56005611,2540565,22.95,21.21
307342,0,21.98,21.99,22.0,22.02,22.03,3200,3300,300,7800,11300,21.96,21.93,21.92,21.91,21.9,14900,10600,21500,1400,25400,0,1182836,34299000,0,22.11,0,21.96,34299565,295709,21.92,2053,22.08,,22.06,0,0,000001.SZ,4992766,1033500,20210706,58726021,2664465,22.98,21.25
311412,0,22.01,22.02,22.03,22.04,22.05,200,4600,6000,7000,4000,22.0,21.98,21.97,21.96,21.92,4900,4900,3500,5700,1600,0,3312168,34302000,0,22.11,0,22.0,34302561,828042,21.9,2130,22.08,,22.06,0,0,000001.SZ,4978566,1021000,20210706,60071906,2725765,22.98,21.23
315483,0,22.02,22.03,22.04,22.05,22.06,17700,6000,7000,4000,14500,21.99,21.98,21.97,21.96,21.92,2700,4800,3500,7700,2100,0,3766016,34305000,0,22.11,0,22.0,34305556,941504,21.9,2168,22.08,,22.06,0,0,000001.SZ,4990566,1025400,20210706,60404156,2740865,22.98,21.23
319595,0,21.98,21.99,22.0,22.02,22.03,100,2900,17300,27400,6000,21.94,21.93,21.92,21.91,21.9,1000,1900,3200,54300,11700,0,3761784,34308000,0,22.11,0,21.99,34308552,940446,21.9,2211,22.08,,22.06,0,0,000001.SZ,5033066,1053800,20210706,61385925,2785565,22.97,21.25
323666,0,21.96,21.97,21.98,21.99,22.0,1000,500,200,40400,17000,21.95,21.94,21.93,21.92,21.91,100,9500,1900,4300,2800,0,3243764,34311000,0,22.11,0,21.95,34311550,810941,21.9,2240,22.08,,22.06,0,0,000001.SZ,5034366,1012400,20210706,61726453,2801065,22.95,21.22
327737,0,21.96,21.97,21.98,21.99,22.0,1900,500,10200,40700,18300,21.94,21.93,21.92,21.91,21.9,4900,1900,11300,2800,11700,0,3311036,34314000,0,22.11,0,21.94,34314549,827759,21.9,2248,22.08,,22.06,0,0,000001.SZ,5060766,1018800,20210706,61866901,2807465,22.95,21.22
331795,0,21.96,21.97,21.98,21.99,22.0,1600,2000,10000,41000,22600,21.95,21.94,21.93,21.92,21.91,3700,5000,8200,11300,2800,0,614472,34317000,0,22.11,0,21.96,34317539,153618,21.9,2262,22.08,,22.06,0,0,000001.SZ,5067866,1048000,20210706,61943738,2810965,22.95,21.22
335914,0,21.98,21.99,22.0,22.01,22.02,7200,41600,24200,500,29000,21.97,21.95,21.94,21.93,21.92,3000,9600,5000,8500,11200,0,3820568,34320000,0,22.11,0,21.98,34320592,955142,21.9,2282,22.08,,22.06,0,0,000001.SZ,5112266,1058400,20210706,62117302,2818865,22.94,21.23
339966,0,21.98,21.99,22.0,22.01,22.02,1300,9000,15500,500,27800,21.97,21.96,21.95,21.94,21.93,10500,5600,7700,5300,8600,0,1214472,34323000,0,22.11,0,21.97,34323595,303618,21.9,2306,22.08,,22.06,0,0,000001.SZ,5070266,1054400,20210706,62613834,2841465,22.95,21.23
344072,0,21.99,22.0,22.01,22.02,22.03,9000,15500,800,27900,6500,21.97,21.96,21.95,21.94,21.93,18900,5700,7700,5300,8600,0,2103832,34326000,0,22.11,0,21.98,34326585,525958,21.9,2319,22.08,,22.06,0,0,000001.SZ,5095966,1065200,20210706,62681972,2844565,22.95,21.24
348170,0,22.0,22.01,22.02,22.03,22.04,300,800,19400,6500,7000,21.99,21.97,21.96,21.95,21.94,34400,32700,5700,7700,5300,0,3193392,34329000,0,22.11,0,22.0,34329580,798348,21.9,2359,22.08,,22.06,0,0,000001.SZ,5060366,1112100,20210706,63223069,2869165,22.96,21.28
352273,0,22.02,22.03,22.04,22.05,22.06,18600,6500,7000,16100,27400,22.0,21.99,21.98,21.97,21.96,1700,29000,100,24500,5700,0,736440,34332000,0,22.11,0,21.99,34332575,184110,21.9,2384,22.08,,22.06,0,0,000001.SZ,5062966,1121300,20210706,63440864,2879065,22.96,21.27
356393,0,22.02,22.03,22.04,22.05,22.06,3000,3500,7000,16100,27400,22.0,21.99,21.98,21.97,21.96,19300,19300,100,24500,7400,0,1530176,34335000,0,22.11,0,22.02,34335570,382544,21.9,2392,22.08,,22.06,0,0,000001.SZ,5036666,1131600,20210706,63872382,2898665,22.96,21.27
360479,0,22.04,22.05,22.06,22.07,22.08,100,17300,27400,3900,13100,22.0,21.99,21.98,21.97,21.96,700,16200,6100,24400,7600,0,2313760,34338000,0,22.11,0,22.0,34338566,578440,21.9,2453,22.08,,22.06,0,0,000001.SZ,5026066,1116500,20210706,65281253,2962665,22.96,21.26
364521,0,22.03,22.04,22.05,22.06,22.07,900,800,5600,27400,3900,22.01,22.0,21.99,21.98,21.97,1300,5200,14300,6100,24300,0,1244840,34341000,0,22.11,0,22.02,34341561,311210,21.9,2460,22.08,,22.06,0,0,000001.SZ,5024166,1136800,20210706,65316471,2964265,22.97,21.27
368624,0,22.02,22.03,22.04,22.05,22.06,100,9100,1300,5900,13200,22.01,22.0,21.99,21.98,21.97,8900,2000,14000,6100,24300,0,155268,34344000,0,22.11,0,22.02,34344558,38817,21.9,2489,22.08,,22.06,0,0,000001.SZ,5021866,1141600,20210706,65543208,2974565,22.97,21.28
372699,0,22.05,22.06,22.07,22.08,22.09,4100,13200,3900,13200,159710,22.02,22.01,22.0,21.99,21.98,200,15700,4400,14000,6100,0,2359976,34347000,0,22.11,0,22.05,34347552,589994,21.9,2514,22.08,,22.06,0,0,000001.SZ,5015466,1160800,20210706,65911144,2991265,22.97,21.29
376790,0,22.01,22.02,22.03,22.04,22.05,800,30500,1300,5700,26100,21.98,21.97,21.96,21.95,21.94,400,13500,7600,6700,3500,0,3401436,34350000,0,22.11,0,22.02,34350548,850359,21.9,2609,22.08,,22.06,0,0,000001.SZ,5117966,1110900,20210706,67186880,3049265,22.95,21.25
380870,0,21.98,21.99,22.0,22.01,22.04,2000,1400,35500,23500,2000,21.97,21.96,21.95,21.93,21.92,1100,10600,11400,1700,2800,0,594300,34353000,0,22.11,0,21.97,34353542,148575,21.9,2821,22.08,,22.06,0,0,000001.SZ,5098566,1148100,20210706,72876188,3308265,22.96,21.27
384960,0,21.98,21.99,22.0,22.01,22.04,17500,1400,35500,7500,2000,21.97,21.96,21.95,21.93,21.92,13400,6300,11400,2100,2800,0,2343720,34356000,0,22.11,0,21.98,34356538,585930,21.9,2865,22.08,,22.06,0,0,000001.SZ,5106566,1085100,20210706,73557227,3339265,22.96,21.24
388999,0,21.98,22.0,22.01,22.02,22.04,6500,37600,7500,900,2000,21.97,21.96,21.95,21.93,21.92,8100,6800,11400,2100,2800,0,2129272,34359000,0,22.11,0,21.98,34359534,532318,21.9,2906,22.08,,22.06,0,0,000001.SZ,5100666,1083400,20210706,74632044,3388165,22.96,21.23
393012,0,21.97,21.98,21.99,22.0,22.01,19900,8600,2200,37600,3300,21.96,21.95,21.93,21.92,21.91,6800,11400,2100,2800,5200,0,749680,34362000,0,22.11,0,21.97,34362530,187420,21.9,2925,22.08,,22.06,0,0,000001.SZ,5134366,1084300,20210706,74893487,3400065,22.95,21.23
397060,0,21.97,21.98,21.99,22.0,22.01,15600,8600,2200,36200,3300,21.96,21.95,21.93,21.92,21.91,9300,14300,2100,2800,5200,0,136880,34365000,0,22.11,0,21.97,34365525,34220,21.9,2932,22.08,,22.06,0,0,000001.SZ,5129666,1092000,20210706,75009926,3405365,22.95,21.23
401087,0,21.96,21.97,21.98,21.99,22.0,7500,13800,8600,2200,36100,21.95,21.93,21.92,21.91,21.9,10600,3200,5600,5200,20900,0,888304,34368000,0,22.11,0,21.96,34368579,222076,21.9,2947,22.08,,22.06,0,0,000001.SZ,5136166,1083000,20210706,75427167,3424365,22.95,21.23
405105,0,21.96,21.98,21.99,22.0,22.01,1600,100,17200,46800,3200,21.95,21.93,21.92,21.91,21.9,2400,1500,5600,5200,21100,0,2096408,34371000,0,22.11,0,21.95,34371573,524102,21.9,3019,22.08,,22.06,0,0,000001.SZ,5141866,1060000,20210706,76765512,3485265,22.95,21.21
409154,0,21.96,21.99,22.0,22.01,22.02,100,4900,46800,3200,2100,21.95,21.93,21.92,21.91,21.9,11100,1500,9400,11700,21200,0,803492,34374000,0,22.11,0,21.96,34374569,200873,21.9,3033,22.08,,22.06,0,0,000001.SZ,5134366,1082400,20210706,76989722,3495465,22.96,21.22
413201,0,21.95,21.96,21.98,21.99,22.0,11700,6200,25800,4900,46800,21.93,21.92,21.91,21.9,21.89,1500,9400,11700,21200,5200,0,448320,34377000,0,22.11,0,21.95,34377565,112080,21.9,3046,22.08,,22.06,0,0,000001.SZ,5175666,1073000,20210706,77325669,3510765,22.95,21.22
417228,0,21.92,21.95,21.96,21.97,21.98,16400,13500,7000,500,15200,21.9,21.89,21.88,21.87,21.86,2100,5200,2500,2300,8200,0,3218416,34380000,0,22.11,0,21.92,34380559,804604,21.9,3091,22.08,,22.06,0,0,000001.SZ,5191166,1032700,20210706,78725661,3574665,22.94,21.19
421291,0,21.95,21.96,21.97,21.98,21.99,600,6300,500,15200,5900,21.93,21.92,21.9,21.89,21.88,7200,5900,16900,5200,7500,0,3374152,34383000,0,22.11,0,21.95,34383557,843538,21.9,3115,22.08,,22.06,0,0,000001.SZ,5176166,1078200,20210706,79471416,3608665,22.95,21.21
425396,0,21.96,21.97,21.98,21.99,22.0,2400,2700,15200,5900,27400,21.95,21.94,21.93,21.92,21.9,5500,6300,27400,11100,13800,0,2733724,34386000,0,22.11,0,21.95,34386551,683431,21.9,3125,22.08,,22.06,0,0,000001.SZ,5156466,1113000,20210706,79594375,3614265,22.95,21.23
429454,0,21.96,21.97,21.98,21.99,22.0,300,2700,17200,5900,27400,21.95,21.94,21.93,21.92,21.91,41100,7200,11500,12400,1900,0,1153056,34389000,0,22.11,0,21.95,34389547,288264,21.9,3145,22.08,,22.06,0,0,000001.SZ,5156166,1131200,20210706,79871031,3626865,22.95,21.24
433501,0,21.97,21.98,21.99,22.0,22.01,2700,17200,5900,29400,2200,21.96,21.95,21.94,21.93,21.92,1300,40300,7200,10900,12400,0,3576612,34392000,0,22.11,0,21.96,34392542,894153,21.9,3161,22.08,,22.06,0,0,000001.SZ,5163866,1143300,20210706,79991791,3632365,22.95,21.25
437565,0,21.97,21.98,21.99,22.0,22.01,7500,17200,5900,29400,2200,21.96,21.95,21.94,21.93,21.92,16300,22800,7200,10900,12400,0,3027468,34395000,0,22.11,0,21.96,34395538,756867,21.9,3189,22.08,,22.06,0,0,000001.SZ,5170666,1146600,20210706,80327741,3647665,22.95,21.25
441638,0,21.97,21.98,21.99,22.0,22.01,7400,2200,4900,29400,2200,21.96,21.95,21.94,21.93,21.92,20500,22700,1500,10900,12400,0,1157172,34398000,0,22.11,0,21.97,34398533,289293,21.9,3196,22.08,,22.06,0,0,000001.SZ,5162666,1162500,20210706,80358491,3649065,22.95,21.26
445728,0,21.97,21.98,21.99,22.0,22.01,7600,2200,4900,31400,2200,21.96,21.95,21.94,21.93,21.92,600,22500,1500,10900,8800,0,1379144,34401000,0,22.11,0,21.96,34401595,344786,21.9,3252,22.08,,22.06,0,0,000001.SZ,5169366,1144100,20210706,80918469,3674565,22.95,21.24
449841,0,21.97,21.98,21.99,22.0,22.01,5900,2200,4900,31900,2200,21.96,21.95,21.94,21.93,21.92,5600,22200,1500,10900,8400,0,3897412,34404000,0,22.11,0,21.97,34404583,974353,21.9,3267,22.08,,22.06,0,0,000001.SZ,5172466,1148300,20210706,80995344,3678065,22.95,21.25
453886,0,21.97,21.98,21.99,22.0,22.01,5300,2200,4900,32600,2200,21.96,21.95,21.94,21.93,21.92,8700,18800,1500,10900,7800,0,3575792,34407000,0,22.11,0,21.95,34407578,893948,21.9,3299,22.08,,22.06,0,0,000001.SZ,5174766,1151900,20210706,81263239,3690265,22.95,21.25
457921,0,21.97,21.98,21.99,22.0,22.01,5500,2200,4900,32600,2200,21.96,21.95,21.94,21.93,21.92,3200,18800,1500,10900,7800,0,3278172,34410000,0,22.11,0,21.96,34410574,819543,21.9,3339,22.08,,22.06,0,0,000001.SZ,5188866,1148900,20210706,81759553,3712865,22.95,21.24
461942,0,21.97,21.98,21.99,22.0,22.01,11100,4200,4900,32600,2200,21.96,21.95,21.94,21.93,21.92,4100,21100,5000,10900,7800,0,3782084,34413000,0,22.11,0,21.97,34413569,945521,21.9,3364,22.08,,22.06,0,0,000001.SZ,5197766,1157700,20210706,81968236,3722365,22.95,21.25
465946,0,21.96,21.97,21.98,21.99,22.0,300,13800,4200,4900,32600,21.95,21.94,21.93,21.92,21.91,20800,5000,10900,7800,5600,0,1218248,34416000,0,22.11,0,21.96,34416567,304562,21.9,3394,22.08,,22.06,0,0,000001.SZ,5222766,1157800,20210706,82161481,3731165,22.95,21.24
469935,0,21.96,21.97,21.98,21.99,22.0,2900,1000,1000,4900,32600,21.95,21.94,21.93,21.92,21.91,6600,5000,10900,7800,5600,0,19356,34419000,0,22.11,0,21.95,34419562,4839,21.9,3419,22.08,,22.06,0,0,000001.SZ,5212266,1148700,20210706,82993775,3769065,22.95,21.24
473947,0,21.96,21.97,21.98,21.99,22.0,4900,1000,1000,4900,32600,21.91,21.9,21.89,21.88,21.87,21300,21100,5900,13600,1600,0,1539992,34422000,0,22.11,0,21.91,34422558,384998,21.9,3490,22.08,,22.06,0,0,000001.SZ,5215666,1134300,20210706,84763292,3849765,22.95,21.23
477952,0,21.97,21.98,21.99,22.0,22.01,1400,1000,5200,33200,2400,21.96,21.95,21.94,21.93,21.92,27500,2200,5900,11900,9100,0,2649076,34425000,0,22.11,0,21.96,34425552,662269,21.9,3501,22.08,,22.06,0,0,000001.SZ,5214466,1176100,20210706,84888463,3855465,22.95,21.25
481951,0,21.97,21.98,21.99,22.0,22.01,14800,3000,5200,33200,2400,21.96,21.95,21.94,21.93,21.92,29000,2200,9100,11900,9100,0,3245644,34428000,0,22.11,0,21.96,34428546,811411,21.9,3504,22.08,,22.06,0,0,000001.SZ,5232066,1179700,20210706,85004851,3860765,22.95,21.25
485977,0,21.97,21.98,21.99,22.0,22.01,13700,3000,5200,33200,2400,21.96,21.95,21.94,21.93,21.92,12900,3100,9100,11900,9100,0,3319284,34431000,0,22.11,0,21.96,34431541,829821,21.9,3529,22.08,,22.06,0,0,000001.SZ,5236566,1164700,20210706,85415525,3879465,22.95,21.25
489996,0,21.95,21.96,21.97,21.98,21.99,8500,16400,14000,3000,6000,21.94,21.93,21.92,21.91,21.9,4200,14900,9700,3400,21000,0,100016,34434000,0,22.11,0,21.94,34434538,25004,21.9,3564,22.08,,22.06,0,0,000001.SZ,5264066,1149200,20210706,85863444,3899865,22.94,21.24
494017,0,21.93,21.94,21.95,21.96,21.97,5100,3600,15200,28100,14000,21.9,21.89,21.88,21.87,21.86,13200,15900,13800,1500,9800,0,2048568,34437000,0,22.11,0,21.93,34437532,512142,21.9,3599,22.08,,22.06,0,0,000001.SZ,5287766,1119400,20210706,86878442,3946165,22.94,21.22
498026,0,21.94,21.95,21.96,21.97,21.98,4800,15200,28800,13700,3000,21.92,21.91,21.9,21.89,21.88,800,1200,16400,15900,13800,0,1330648,34440000,0,22.11,0,21.92,34440528,332662,21.9,3604,22.08,,22.06,0,0,000001.SZ,5285066,1126700,20210706,86935458,3948765,22.94,21.22
502102,0,21.94,21.95,21.96,21.97,21.98,1500,15200,28800,13800,3000,21.93,21.92,21.91,21.9,21.89,3500,8700,400,16500,15900,0,2539608,34443000,0,22.11,0,21.93,34443585,634902,21.9,3624,22.08,,22.06,0,0,000001.SZ,5281166,1138700,20210706,87038508,3953465,22.94,21.23
506155,0,21.95,21.96,21.97,21.98,21.99,7300,28800,13800,3000,6000,21.94,21.93,21.92,21.91,21.9,4400,4500,15200,900,16500,0,2310476,34446000,0,22.11,0,21.94,34446578,577619,21.9,3641,22.08,,22.06,0,0,000001.SZ,5272066,1152100,20210706,87174530,3959665,22.94,21.24
510234,0,21.94,21.95,21.96,21.97,21.98,1200,12400,22600,13800,3000,21.92,21.91,21.9,21.89,21.88,12800,900,14500,15900,15400,0,3447876,34449000,0,22.11,0,21.94,34449573,861969,21.9,3671,22.08,,22.06,0,0,000001.SZ,5272366,1139700,20210706,88104956,4002065,22.94,21.23
514302,0,21.94,21.95,21.96,21.97,21.98,4200,12400,22600,13800,3000,21.93,21.92,21.91,21.9,21.89,6300,19000,2600,14500,16000,0,2575516,34452000,0,22.11,0,21.93,34452569,643879,21.9,3677,22.08,,22.06,0,0,000001.SZ,5274166,1154600,20210706,88126885,4003065,22.94,21.24
518391,0,21.94,21.95,21.96,21.97,21.98,2200,12500,22500,13800,3000,21.93,21.92,21.91,21.9,21.89,12500,19100,3400,14700,16000,0,88364,34455000,0,22.11,0,21.94,34455566,22091,21.9,3697,22.08,,22.06,0,0,000001.SZ,5272766,1166100,20210706,88243159,4008365,22.94,21.24
522419,0,21.95,21.96,21.97,21.98,21.99,500,23800,13800,3900,6000,21.93,21.92,21.91,21.9,21.89,22900,18400,2800,16800,16100,0,1532420,34458000,0,22.11,0,21.94,34458560,383105,21.9,3720,22.08,,22.06,0,0,000001.SZ,5263166,1179100,20210706,89026551,4044065,22.95,21.25
526418,0,21.96,21.97,21.98,21.99,22.0,23800,13800,3900,6000,31200,21.95,21.94,21.93,21.92,21.91,200,5500,17400,18400,2800,0,2929840,34461000,0,22.11,0,21.95,34461555,732460,21.9,3744,22.08,,22.06,0,0,000001.SZ,5268666,1188600,20210706,89292058,4056165,22.95,21.25
530460,0,21.97,21.98,21.99,22.0,22.01,12900,3900,5200,31200,2600,21.96,21.95,21.94,21.93,21.92,4300,1000,6100,17200,18400,0,3294020,34464000,0,22.11,0,21.97,34464550,823505,21.9,3791,22.08,,22.06,0,0,000001.SZ,5242966,1198600,20210706,90016662,4089165,22.95,21.26
534488,0,21.96,21.97,21.98,21.99,22.0,400,10300,3900,5200,31500,21.95,21.94,21.93,21.92,21.91,3500,9300,17200,18400,4000,0,3030120,34467000,0,22.11,0,21.96,34467545,757530,21.9,3802,22.08,,22.06,0,0,000001.SZ,5254166,1198700,20210706,90422949,4107665,22.95,21.26
538477,0,21.97,21.98,21.99,22.0,22.01,12100,4000,5200,31500,2600,21.96,21.95,21.94,21.93,21.92,1900,4600,9300,17500,18400,0,1288612,34470000,0,22.11,0,21.97,34470543,322153,21.9,3814,22.08,,22.06,0,0,000001.SZ,5261966,1200000,20210706,90491025,4110765,22.95,21.26
542522,0,21.96,21.97,21.98,21.99,22.0,2700,26400,4200,5200,30800,21.95,21.94,21.93,21.92,21.91,3600,11300,17500,18400,5900,0,2243564,34473000,0,22.11,0,21.96,34473538,560891,21.9,3836,22.08,,22.06,0,0,000001.SZ,5288366,1200100,20210706,90653519,4118165,22.95,21.26
546534,0,21.94,21.95,21.96,21.97,21.98,100,4600,1000,23100,4200,21.93,21.92,21.91,21.9,21.89,7300,14100,5900,21400,6300,0,759544,34476000,0,22.11,0,21.92,34476532,189886,21.9,3873,22.08,,22.06,0,0,000001.SZ,5291266,1173400,20210706,91825037,4171565,22.95,21.24
550525,0,21.96,21.97,21.98,21.99,22.0,400,8300,4000,6400,31200,21.94,21.93,21.92,21.91,21.9,700,9500,14100,6000,23800,0,1626548,34479000,0,22.11,0,21.94,34479528,406637,21.9,3896,22.08,,22.06,0,0,000001.SZ,5272766,1182300,20210706,92290670,4192765,22.95,21.24
554548,0,21.96,21.97,21.98,21.99,22.0,3200,5000,4000,6400,31200,21.93,21.92,21.91,21.9,21.89,8100,14600,6000,22900,6300,0,1389704,34482000,0,22.11,0,21.97,34482583,347426,21.9,3921,22.08,,22.06,0,0,000001.SZ,5274066,1183400,20210706,93179179,4233265,22.95,21.24
558536,0,21.96,21.97,21.98,21.99,22.0,2900,5000,4000,8400,33500,21.95,21.93,21.92,21.91,21.9,1800,8600,14600,6400,22900,0,2981448,34485000,0,22.11,0,21.95,34485519,745362,21.9,3930,22.08,,22.06,0,0,000001.SZ,5280866,1186300,20210706,93251581,4236565,22.95,21.24
562540,0,21.95,21.96,21.97,21.98,21.99,8300,9300,6800,7500,8400,21.94,21.93,21.92,21.91,21.9,2100,8200,14600,6400,22900,0,1799704,34488000,0,22.11,0,21.94,34488573,449926,21.9,3940,22.08,,22.06,0,0,000001.SZ,5306566,1186800,20210706,93334956,4240365,22.95,21.24
566537,0,21.94,21.95,21.96,21.97,21.98,300,8500,9300,7800,7500,21.93,21.92,21.91,21.9,21.89,4600,17100,7400,23400,6300,0,1058100,34491000,0,22.11,0,21.93,34491569,264525,21.9,3959,22.08,,22.06,0,0,000001.SZ,5307366,1187700,20210706,93514833,4248565,22.95,21.24
570530,0,21.94,21.95,21.96,21.97,21.98,14700,8100,14400,7000,7500,21.93,21.92,21.91,21.9,21.89,8700,17100,9700,23600,6300,0,40660,34494000,0,22.11,0,21.93,34494565,10165,21.9,3975,22.08,,22.06,0,0,000001.SZ,5326366,1195300,20210706,93747393,4259165,22.94,21.25
574501,0,21.93,21.94,21.95,21.96,21.97,5600,8500,8100,14400,7000,21.92,21.91,21.9,21.89,21.88,19500,10700,23800,6300,14600,0,3169420,34497000,0,22.11,0,21.93,34497561,792355,21.9,3994,22.08,,22.06,0,0,000001.SZ,5327266,1194600,20210706,94249661,4282065,22.95,21.24
578529,0,21.92,21.93,21.94,21.95,21.96,5200,3200,18500,6900,14400,21.91,21.89,21.87,21.86,21.85,900,3200,10500,10300,17700,0,1715636,34500000,0,22.11,0,21.86,34500557,428909,21.86,4086,22.08,,22.06,0,0,000001.SZ,5337866,1134500,20210706,96351835,4378065,22.94,21.21
582572,0,21.93,21.94,21.95,21.96,21.97,3600,18500,6600,14400,7500,21.92,21.91,21.88,21.87,21.86,200,2600,1900,10500,10300,0,180352,34503000,0,22.11,0,21.92,34503612,45088,21.86,4128,22.08,,22.06,0,0,000001.SZ,5358366,1138900,20210706,96678176,4392965,22.94,21.21
586576,0,21.92,21.93,21.94,21.95,21.96,2400,6000,18000,6600,14500,21.91,21.9,21.89,21.87,21.86,1700,2000,10400,9600,10100,0,3437564,34506000,0,22.11,0,21.92,34506546,859391,21.85,4180,22.08,,22.06,0,0,000001.SZ,5380966,1259400,20210706,100824219,4582665,22.94,21.27
590635,0,21.92,21.94,21.95,21.96,21.97,3300,5600,6500,14500,7500,21.91,21.9,21.89,21.87,21.86,700,2600,8600,8500,10100,0,2366076,34509000,0,22.11,0,21.92,34509543,591519,21.85,4253,22.08,,22.06,0,0,000001.SZ,5360166,1221700,20210706,101642236,4619965,22.94,21.25
594706,0,21.92,21.94,21.95,21.96,21.97,600,8800,9100,14500,7500,21.91,21.9,21.89,21.88,21.87,900,100,8900,10200,5000,0,619104,34512000,0,22.11,0,21.91,34512538,154776,21.85,4305,22.08,,22.06,0,0,000001.SZ,5362966,1158100,20210706,102600965,4663765,22.94,21.18
598760,0,21.92,21.94,21.95,21.96,21.97,800,8800,11500,14500,2900,21.9,21.89,21.88,21.87,21.86,1100,8900,8300,5000,1300,0,474152,34515000,0,22.11,0,21.91,34515534,118538,21.85,4337,22.08,,22.06,0,0,000001.SZ,5362366,1172100,20210706,102925253,4678565,22.95,21.18
602777,0,21.92,21.94,21.95,21.96,21.97,900,8800,8600,14500,2900,21.91,21.9,21.89,21.88,21.87,300,2200,3200,5300,5200,0,3058144,34518000,0,22.11,0,21.91,34518527,764536,21.85,4366,22.08,,22.06,0,0,000001.SZ,5414366,1142300,20210706,103363129,4698565,22.94,21.21
606763,0,21.94,21.95,21.96,21.97,21.98,8800,8500,14500,2900,7400,21.92,21.91,21.9,21.89,21.88,100,2200,5900,3400,5500,0,2259808,34521000,0,22.11,0,21.92,34521523,564952,21.85,4394,22.08,,22.06,0,0,000001.SZ,5426466,1184400,20210706,103455158,4702765,22.94,21.18
610792,0,21.94,21.95,21.96,21.97,21.98,15900,6800,14500,4100,18200,21.91,21.9,21.89,21.88,21.87,6900,6700,4100,5500,5200,0,3261464,34524000,0,22.11,0,21.91,34524579,815366,21.85,4417,22.08,,22.06,0,0,000001.SZ,5446266,1198400,20210706,103553791,4707265,22.93,21.18
614819,0,21.97,21.98,21.99,22.0,22.01,1000,18200,20700,33100,400,21.96,21.95,21.94,21.93,21.92,16500,1300,11300,1000,200,0,1548008,34527000,0,22.11,0,21.97,34527574,387002,21.85,4451,22.08,,22.06,0,0,000001.SZ,5405466,1234800,20210706,104442802,4747765,22.94,21.2
618818,0,21.96,21.98,21.99,22.0,22.01,800,18200,3900,33200,400,21.94,21.93,21.92,21.91,21.9,7100,2600,200,8900,6400,0,1478684,34530000,0,22.11,0,21.94,34530571,369671,21.85,4479,22.08,,22.06,0,0,000001.SZ,5402266,1219800,20210706,104717240,4760265,22.94,21.19
622837,0,21.96,21.98,21.99,22.0,22.01,700,18200,3900,33200,400,21.95,21.94,21.93,21.92,21.91,200,9400,3500,200,8900,0,2246004,34533000,0,22.11,0,21.96,34533564,561501,21.85,4490,22.08,,22.06,0,0,000001.SZ,5407966,1224600,20210706,104750171,4761765,22.94,21.19
626828,0,21.97,21.98,21.99,22.0,22.01,400,18200,3900,9200,400,21.96,21.95,21.94,21.93,21.92,300,6300,4300,3500,200,0,1393132,34536000,0,22.11,0,21.96,34536561,348283,21.85,4504,22.08,,22.06,0,0,000001.SZ,5386966,1224800,20210706,104934531,4770165,22.95,21.19
630835,0,21.97,21.99,22.0,22.01,22.02,1700,3200,9200,400,2000,21.96,21.95,21.94,21.93,21.92,800,8900,5500,2600,200,0,1761700,34539000,0,22.11,0,21.96,34539556,440425,21.85,4547,22.08,,22.06,0,0,000001.SZ,5365366,1225900,20210706,105580655,4799565,22.95,21.19
634846,0,21.96,21.97,21.98,21.99,22.0,200,5000,2200,3000,9200,21.95,21.94,21.93,21.92,21.91,12500,5500,2600,200,9400,0,1113532,34542000,0,22.11,0,21.95,34542567,278383,21.85,4574,22.08,,22.06,0,0,000001.SZ,5365166,1233800,20210706,105738816,4806765,22.95,21.19
638815,0,21.98,21.99,22.0,22.01,22.02,300,3200,11700,400,2000,21.96,21.95,21.94,21.93,21.92,6400,14200,5500,2600,2200,0,3239576,34545000,0,22.11,0,21.98,34545562,809894,21.85,4591,22.08,,22.06,0,0,000001.SZ,5356166,1242600,20210706,105923356,4815165,22.95,21.2
642769,0,21.97,21.98,21.99,22.0,22.01,200,1300,4000,11700,400,21.96,21.95,21.94,21.93,21.92,8600,14200,6000,2600,3300,0,3208000,34548000,0,22.11,0,21.96,34548557,802000,21.85,4611,22.08,,22.06,0,0,000001.SZ,5358266,1248500,20210706,106050739,4820965,22.95,21.2
646725,0,21.97,21.98,21.99,22.0,22.01,3300,1800,4200,13300,400,21.96,21.95,21.94,21.93,21.92,9100,14200,6000,2600,3800,0,2347180,34551000,0,22.11,0,21.96,34551552,586795,21.85,4622,22.08,,22.06,0,0,000001.SZ,5368666,1255300,20210706,106099052,4823165,22.95,21.2
650683,0,21.98,21.99,22.0,22.01,22.02,3900,4200,14000,400,2000,21.96,21.95,21.94,21.93,21.92,3900,14700,6000,2600,3800,0,2930484,34554000,0,22.11,0,21.96,34554549,732621,21.85,4642,22.08,,22.06,0,0,000001.SZ,5368766,1251100,20210706,106483407,4840665,22.95,21.2
654670,0,21.96,21.97,21.98,21.99,22.0,2200,19700,8200,4200,14000,21.95,21.94,21.93,21.92,21.91,14000,6000,2600,3800,9600,0,881172,34557000,0,22.11,0,21.95,34557544,220293,21.85,4659,22.08,,22.06,0,0,000001.SZ,5396066,1242600,20210706,106650312,4848265,22.95,21.2
658689,0,21.96,21.97,21.98,21.99,22.0,900,100,8200,5700,14000,21.95,21.94,21.93,21.92,21.91,900,8200,4500,6800,9600,0,2813708,34560000,0,22.11,0,21.95,34560598,703427,21.85,4709,22.08,,22.06,0,0,000001.SZ,5377966,1237500,20210706,107183779,4872565,22.95,21.19
662677,0,21.97,21.98,21.99,22.0,22.01,300,7900,5700,11500,400,21.96,21.95,21.94,21.93,21.92,400,2100,9000,4900,6800,0,3832336,34563000,0,22.11,0,21.96,34563598,958084,21.85,4733,22.08,,22.06,0,0,000001.SZ,5378366,1246500,20210706,107464855,4885365,22.95,21.19
666672,0,21.97,21.98,21.99,22.0,22.01,5800,7900,6500,11500,400,21.95,21.94,21.93,21.92,21.91,100,9000,4900,6600,9600,0,1669272,34566000,0,22.11,0,21.97,34566595,417318,21.85,4762,22.08,,22.06,0,0,000001.SZ,5387866,1245000,20210706,107855750,4903165,22.95,21.19
670659,0,21.98,21.99,22.0,22.01,22.02,12600,6500,11600,400,2100,21.97,21.96,21.95,21.94,21.93,11600,3100,400,9000,4900,0,1773460,34569000,0,22.11,0,21.98,34569594,443365,21.85,4792,22.08,,22.06,0,0,000001.SZ,5388066,1260900,20210706,108218292,4919665,22.95,21.2
674691,0,22.0,22.01,22.02,22.03,22.04,10900,400,2100,4600,2000,21.99,21.98,21.97,21.96,21.95,600,6700,13900,4000,400,0,1418956,34572000,0,22.11,0,22.0,34572586,354739,21.85,4829,22.08,,22.06,0,0,000001.SZ,5365666,1270700,20210706,108682151,4940765,22.95,21.2
678750,0,21.99,22.0,22.01,22.02,22.03,100,15500,400,2100,4600,21.98,21.97,21.96,21.95,21.94,4700,11800,4000,400,8600,0,1291616,34575000,0,22.11,0,21.98,34575580,322904,21.85,4852,22.08,,22.06,0,0,000001.SZ,5371666,1254400,20210706,108789881,4945665,22.95,21.19
682794,0,21.99,22.0,22.01,22.02,22.03,16300,15500,400,2100,4600,21.94,21.93,21.92,21.91,21.9,7200,3000,3100,4300,6600,0,1520400,34578000,0,22.11,0,21.99,34578577,380100,21.85,4900,22.08,,22.06,0,0,000001.SZ,5390866,1232700,20210706,109778085,4990665,22.95,21.18
686834,0,21.97,21.98,21.99,22.0,22.01,1400,14300,27300,16200,1900,21.96,21.95,21.94,21.93,21.92,2300,4200,10500,3000,3100,0,3408896,34581000,0,22.11,0,21.96,34581570,852224,21.85,4916,22.08,,22.06,0,0,000001.SZ,5422666,1242500,20210706,109925278,4997365,22.94,21.19
690818,0,21.95,21.96,21.97,21.98,21.99,2400,20700,1700,12500,24100,21.94,21.93,21.92,21.91,21.9,8900,5100,6700,4300,6600,0,3387328,34584000,0,22.11,0,21.94,34584572,846832,21.85,4935,22.08,,22.06,0,0,000001.SZ,5441866,1238700,20210706,110280880,5013565,22.94,21.18
694814,0,21.94,21.95,21.96,21.97,21.98,300,2100,6800,1700,15500,21.93,21.92,21.91,21.9,21.89,2100,6700,3600,6900,2800,0,1673088,34587000,0,22.11,0,21.94,34587559,418272,21.85,4966,22.08,,22.06,0,0,000001.SZ,5446966,1217500,20210706,110739511,5034465,22.94,21.18
698801,0,21.95,21.96,21.97,21.98,21.99,2100,6800,1600,15500,23900,21.94,21.93,21.92,21.91,21.9,2200,200,6700,3600,7500,0,1037812,34590000,0,22.11,0,21.94,34590552,259453,21.85,4988,22.08,,22.06,0,0,000001.SZ,5446966,1219100,20210706,110853550,5039665,22.94,21.18
702796,0,21.98,21.99,22.0,22.01,22.02,3200,14800,16300,1900,2100,21.94,21.93,21.92,21.91,21.9,1100,2400,3700,5100,7200,0,3616064,34593000,0,22.11,0,21.94,34593553,904016,21.85,5049,22.08,,22.06,0,0,000001.SZ,5414466,1220900,20210706,112072684,5095165,22.95,21.18
706739,0,21.95,21.96,21.97,21.98,21.99,1300,2500,11900,4100,14800,21.94,21.93,21.92,21.91,21.9,900,900,3700,5100,7200,0,2924952,34596000,0,22.11,0,21.95,34596544,731238,21.85,5069,22.08,,22.06,0,0,000001.SZ,5440066,1223900,20210706,112838808,5130065,22.94,21.18
710723,0,21.94,21.95,21.96,21.97,21.98,1400,1800,2500,11900,4100,21.93,21.92,21.91,21.9,21.89,900,3700,5100,7200,2800,0,3721436,34599000,0,22.11,0,21.94,34599540,930359,21.85,5075,22.08,,22.06,0,0,000001.SZ,5443466,1224100,20210706,112860748,5131065,22.94,21.18
714711,0,21.95,21.96,21.97,21.98,21.99,2900,2500,11900,4100,14800,21.93,21.92,21.91,21.9,21.89,1000,6100,5900,7600,2800,0,1088136,34602000,0,22.11,0,21.94,34602597,272034,21.85,5106,22.08,,22.06,0,0,000001.SZ,5446166,1227800,20210706,113185417,5145865,22.94,21.18
718677,0,21.97,21.98,21.99,22.0,22.01,11900,4100,11100,21300,1900,21.96,21.95,21.94,21.93,21.92,400,1900,3800,13100,6100,0,3111196,34605000,0,22.11,0,21.96,34605590,777799,21.85,5147,22.08,,22.06,0,0,000001.SZ,5436966,1254000,20210706,113428958,5156965,22.94,21.2
722668,0,21.97,21.98,21.99,22.0,22.01,2100,400,11100,17200,1900,21.96,21.95,21.94,21.93,21.92,200,4100,5600,13100,6100,0,3508216,34608000,0,22.11,0,21.96,34608590,877054,21.85,5200,22.08,,22.06,0,0,000001.SZ,5417566,1258200,20210706,114261560,5194865,22.95,21.2
726615,0,21.98,21.99,22.0,22.01,22.02,1900,11100,17200,1900,2100,21.96,21.95,21.94,21.93,21.92,11900,12800,5600,13100,6100,0,3008416,34611000,0,22.11,0,21.96,34611584,752104,21.85,5242,22.08,,22.06,0,0,000001.SZ,5455066,1282100,20210706,114461463,5203965,22.94,21.21
730534,0,22.0,22.01,22.02,22.03,22.04,17200,1900,2100,1900,12000,21.96,21.95,21.94,21.93,21.92,11100,12800,6400,13100,5500,0,1913172,34614000,0,22.11,0,21.96,34614579,478293,21.85,5263,22.08,,22.06,0,0,000001.SZ,5447166,1281400,20210706,115035158,5230065,22.94,21.21
734480,0,22.0,22.01,22.02,22.03,22.04,2400,1900,2100,1900,12000,21.99,21.98,21.97,21.96,21.95,400,10100,1700,17600,12800,0,3147716,34617000,0,22.11,0,21.98,34617574,786929,21.85,5292,22.08,,22.06,0,0,000001.SZ,5433366,1307500,20210706,115404720,5246865,22.95,21.23
738414,0,21.99,22.0,22.01,22.02,22.03,1300,6700,1900,2100,1900,21.98,21.97,21.96,21.95,21.94,14300,6400,17600,12800,6600,0,3781908,34620000,0,22.11,0,21.99,34620570,945477,21.85,5301,22.08,,22.06,0,0,000001.SZ,5452266,1325300,20210706,115475070,5250065,22.95,21.23
742371,0,21.99,22.0,22.01,22.02,22.03,500,6700,1900,2100,1900,21.98,21.97,21.96,21.95,21.94,26900,8300,17600,12800,6600,0,1477220,34623000,0,22.11,0,21.99,34623625,369305,21.85,5311,22.08,,22.06,0,0,000001.SZ,5452366,1343900,20210706,115501454,5251265,22.95,21.24
746263,0,22.01,22.02,22.03,22.04,22.05,900,2100,3900,12000,7700,22.0,21.99,21.98,21.97,21.96,100,600,26900,8300,17600,0,862828,34626000,0,22.11,0,21.99,34626558,215707,21.85,5329,22.08,,22.06,0,0,000001.SZ,5450666,1342300,20210706,115723652,5261365,22.95,21.24
750194,0,22.01,22.02,22.03,22.04,22.05,700,2100,5900,12000,7700,22.0,21.99,21.98,21.97,21.96,26300,7200,26900,8300,17600,0,1261104,34629000,0,22.11,0,22.0,34629553,315276,21.85,5359,22.08,,22.06,0,0,000001.SZ,5455166,1352300,20210706,115846884,5266965,22.95,21.25
754162,0,22.02,22.03,22.04,22.05,22.06,2100,5900,12000,7700,4200,22.0,21.99,21.98,21.97,21.96,21700,7500,27600,8300,17600,0,2287176,34632000,0,22.11,0,22.01,34632550,571794,21.85,5382,22.08,,22.06,0,0,000001.SZ,5455166,1351200,20210706,115970094,5272565,22.95,21.25
758117,0,22.02,22.03,22.04,22.05,22.06,5700,5900,12000,7200,4200,22.0,21.99,21.98,21.97,21.96,31300,15200,28600,8300,17600,0,3031976,34635000,0,22.11,0,22.0,34635548,757994,21.85,5390,22.08,,22.06,0,0,000001.SZ,5472166,1369300,20210706,116227547,5284265,22.95,21.26
762067,0,22.02,22.03,22.04,22.05,22.06,3000,8600,12100,6700,4200,22.0,21.99,21.98,21.97,21.96,28700,8400,28600,8300,17600,0,2204532,34638000,0,22.11,0,22.02,34638538,551133,21.85,5417,22.08,,22.06,0,0,000001.SZ,5469666,1361500,20210706,116698801,5305665,22.95,21.26
766028,0,22.01,22.02,22.03,22.04,22.05,500,3000,3300,12100,6700,22.0,21.99,21.98,21.97,21.96,42100,9800,28600,10900,15400,0,2866704,34641000,0,22.11,0,22.01,34641536,716676,21.85,5429,22.08,,22.06,0,0,000001.SZ,5470466,1379200,20210706,116764820,5308665,22.95,21.26
770002,0,22.02,22.03,22.04,22.05,22.06,2300,6300,12100,6700,4200,22.01,22.0,21.99,21.98,21.97,200,40400,11100,28600,10900,0,3930784,34644000,0,22.11,0,22.0,34644592,982696,21.85,5440,22.08,,22.06,0,0,000001.SZ,5472666,1380600,20210706,117033325,5320865,22.95,21.26
773924,0,22.02,22.03,22.04,22.05,22.06,1900,7900,12100,6700,4200,22.01,22.0,21.99,21.98,21.97,6800,40300,11100,28600,9000,0,325404,34647000,0,22.11,0,22.0,34647589,81351,21.85,5451,22.08,,22.06,0,0,000001.SZ,5477066,1379900,20210706,117083957,5323165,22.95,21.26
777904,0,22.02,22.03,22.04,22.05,22.06,7700,7900,12100,6700,4200,22.01,22.0,21.99,21.98,21.97,17800,40300,11100,28600,9000,0,2139444,34650000,0,22.11,0,22.01,34650587,534861,21.85,5460,22.08,,22.06,0,0,000001.SZ,5487866,1391100,20210706,117145585,5325965,22.95,21.27
781890,0,22.02,22.03,22.04,22.05,22.06,16800,8200,12100,6700,4200,22.01,22.0,21.99,21.98,21.97,26600,40200,11100,28600,9000,0,2354144,34653000,0,22.11,0,22.01,34653586,588536,21.85,5466,22.08,,22.06,0,0,000001.SZ,5492766,1400900,20210706,117176404,5327365,22.95,21.27
785864,0,22.02,22.03,22.04,22.05,22.06,19200,8300,12100,6700,4200,22.01,22.0,21.99,21.98,21.97,18200,33500,11100,28600,9000,0,3314380,34656000,0,22.11,0,22.01,34656574,828595,21.85,5480,22.08,,22.06,0,0,000001.SZ,5495766,1387800,20210706,117363489,5335865,22.95,21.27
789854,0,22.02,22.03,22.04,22.05,22.06,5600,8300,12100,6700,4200,22.01,22.0,21.99,21.98,21.97,13300,33500,11100,28600,9000,0,2317344,34659000,0,22.11,0,22.01,34659571,579336,21.85,5522,22.08,,22.06,0,0,000001.SZ,5481966,1386500,20210706,117931546,5361665,22.95,21.27
793796,0,22.02,22.03,22.04,22.05,22.06,5000,8500,12600,6700,4200,22.01,22.0,21.99,21.98,21.97,18800,33800,11100,28600,9000,0,364528,34662000,0,22.11,0,22.01,34662565,91132,21.85,5526,22.08,,22.06,0,0,000001.SZ,5474066,1399400,20210706,117946959,5362365,22.95,21.27
797721,0,22.03,22.04,22.05,22.06,22.07,8500,12600,6700,4200,3400,22.02,22.01,22.0,21.99,21.98,11400,30200,33800,11100,28600,0,2880472,34665000,0,22.11,0,22.02,34665562,720118,21.85,5531,22.08,,22.06,0,0,000001.SZ,5472066,1419300,20210706,118074675,5368165,22.95,21.28
801638,0,22.03,22.04,22.05,22.06,22.07,9500,12600,6700,4200,3400,22.02,22.01,22.0,21.99,21.98,39800,30200,31700,11100,29100,0,1814188,34668000,0,22.11,0,22.02,34668555,453547,21.85,5540,22.08,,22.06,0,0,000001.SZ,5469066,1440400,20210706,118206834,5374165,22.96,21.29
805526,0,22.03,22.04,22.05,22.06,22.07,12200,12600,6700,4200,3400,22.02,22.01,22.0,21.99,21.98,30600,31200,31700,12000,29100,0,606160,34671000,0,22.11,0,22.03,34671549,151540,21.85,5555,22.08,,22.06,0,0,000001.SZ,5472266,1424200,20210706,118647273,5394165,22.95,21.29
809474,0,22.03,22.04,22.05,22.06,22.07,9300,12600,6700,4200,3400,22.02,22.01,22.0,21.99,21.98,39300,33000,31700,12000,28100,0,498772,34674000,0,22.11,0,22.03,34674544,124693,21.85,5569,22.08,,22.06,0,0,000001.SZ,5470366,1428800,20210706,118792665,5400765,22.96,21.29
813457,0,22.03,22.04,22.05,22.06,22.07,11000,12600,6700,4200,3400,22.02,22.01,22.0,21.99,21.98,16800,33000,33500,12000,28100,0,594972,34677000,0,22.11,0,22.03,34677603,148743,21.85,5580,22.08,,22.06,0,0,000001.SZ,5472266,1404300,20210706,119358580,5426465,22.95,21.28
817346,0,22.03,22.04,22.05,22.06,22.07,20400,12600,5500,4400,9400,22.02,22.01,22.0,21.99,21.98,7500,36100,32500,12000,28100,0,341460,34680000,0,22.11,0,22.02,34680536,85365,21.85,5604,22.08,,22.06,0,0,000001.SZ,5489166,1397300,20210706,119770376,5445165,22.95,21.27
821306,0,22.03,22.04,22.05,22.06,22.07,20300,12600,5500,4400,9400,22.02,22.01,22.0,21.99,21.98,32800,36100,36500,12000,28100,0,1168768,34683000,0,22.11,0,22.02,34683597,292192,21.85,5624,22.08,,22.06,0,0,000001.SZ,5501966,1432500,20210706,119917917,5451865,22.95,21.29
825260,0,22.02,22.03,22.05,22.06,22.07,34900,7800,32000,4400,9400,22.01,22.0,21.99,21.98,21.97,31700,36500,14000,29100,6400,0,2848716,34686000,0,22.11,0,22.01,34686597,712179,21.85,5672,22.08,,22.06,0,0,000001.SZ,5539466,1393100,20210706,121958107,5544465,22.95,21.27
829196,0,22.01,22.02,22.03,22.05,22.06,6100,101600,9500,24800,4900,22.0,21.99,21.98,21.97,21.96,36500,14500,23200,6400,1600,0,3651880,34689000,0,22.11,0,22.01,34689584,912970,21.85,5699,22.08,,22.06,0,0,000001.SZ,5606166,1357700,20210706,122662430,5576465,22.94,21.25
833187,0,22.01,22.02,22.03,22.05,22.06,2500,102900,9500,24800,4900,21.99,21.98,21.97,21.96,21.95,8600,23200,3500,1600,5500,0,1890692,34692000,0,22.11,0,22.0,34692580,472673,21.85,5778,22.08,,22.06,0,0,000001.SZ,5605166,1312600,20210706,124008771,5637665,22.94,21.22
837129,0,21.99,22.01,22.02,22.03,22.05,200,24600,102900,8400,24800,21.98,21.97,21.96,21.95,21.94,22400,3500,2000,5500,8300,0,2794680,34695000,0,22.11,0,22.01,34695572,698670,21.85,5807,22.08,,22.06,0,0,000001.SZ,5628566,1302600,20210706,124250668,5648665,22.93,21.22
841105,0,21.99,22.01,22.02,22.03,22.05,300,26000,103400,8400,24800,21.98,21.97,21.96,21.95,21.94,20700,3500,2000,5500,8300,0,3822016,34698000,0,22.11,0,21.98,34698568,955504,21.85,5848,22.08,,22.06,0,0,000001.SZ,5624766,1305900,20210706,124364971,5653865,22.93,21.22
845060,0,22.01,22.02,22.03,22.05,22.06,24500,103600,9700,24800,5200,21.98,21.97,21.96,21.95,21.94,14400,3500,2000,5500,8300,0,1634600,34701000,0,22.11,0,21.98,34701562,408650,21.85,5896,22.08,,22.06,0,0,000001.SZ,5624866,1298700,20210706,124569459,5663165,22.93,21.21
849021,0,21.99,22.0,22.01,22.02,22.03,1100,600,25900,103600,19700,21.98,21.97,21.96,21.95,21.94,12100,3500,2000,5500,8300,0,915688,34704000,0,22.11,0,21.98,34704561,228922,21.85,5910,22.08,,22.06,0,0,000001.SZ,5642666,1296600,20210706,124641999,5666465,22.93,21.21
852930,0,21.99,22.0,22.01,22.02,22.03,600,6500,27900,103100,19700,21.98,21.97,21.96,21.95,21.94,6700,5600,1800,5500,7800,0,1547692,34707000,0,22.11,0,21.98,34707556,386923,21.85,5922,22.08,,22.06,0,0,000001.SZ,5646966,1293100,20210706,124745313,5671165,22.93,21.21
856835,0,22.01,22.02,22.03,22.05,22.06,27500,103100,19700,24800,2500,21.98,21.97,21.96,21.95,21.94,4500,5600,1800,5500,7800,0,773332,34710000,0,22.11,0,22.01,34710548,193333,21.85,5941,22.08,,22.06,0,0,000001.SZ,5639866,1290800,20210706,125026895,5683965,22.93,21.21
860739,0,21.98,22.0,22.01,22.02,22.03,400,500,25000,103300,19700,21.97,21.96,21.95,21.94,21.93,5400,1800,5700,7800,800,0,2832788,34713000,0,22.11,0,21.98,34713546,708197,21.85,5962,22.08,,22.06,0,0,000001.SZ,5637966,1285900,20210706,125158779,5689965,22.93,21.21
864620,0,21.99,22.0,22.01,22.02,22.03,100,500,27100,103600,19700,21.97,21.96,21.95,21.94,21.93,800,1800,6600,7900,800,0,3026788,34716000,0,22.11,0,21.97,34716539,756697,21.85,5993,22.08,,22.06,0,0,000001.SZ,5653066,1283900,20210706,125316989,5697165,22.93,21.2
868540,0,21.97,21.98,22.0,22.01,22.02,900,1700,5900,27100,103500,21.94,21.93,21.92,21.91,21.9,5600,4500,1800,12500,18700,0,3383400,34719000,0,22.11,0,21.94,34719597,845850,21.85,6073,22.08,,22.06,0,0,000001.SZ,5672666,1276100,20210706,125705536,5714865,22.93,21.2
872470,0,21.96,21.97,21.98,21.99,22.0,500,6200,1900,2000,11600,21.94,21.91,21.9,21.89,21.88,4100,100,18300,3200,8200,0,1958608,34722000,0,22.11,0,21.94,34722594,489652,21.85,6193,22.08,,22.06,0,0,000001.SZ,5692666,1255500,20210706,126505664,5751365,22.93,21.19
876346,0,21.95,21.96,21.97,21.98,21.99,300,1500,6300,2200,2000,21.94,21.93,21.92,21.91,21.9,1300,800,500,14100,18300,0,3120996,34725000,0,22.11,0,21.94,34725589,780249,21.85,6211,22.08,,22.06,0,0,000001.SZ,5682566,1268100,20210706,126604416,5755865,22.93,21.2
880239,0,21.98,21.99,22.0,22.01,22.02,1400,2000,12400,24300,69300,21.94,21.93,21.92,21.91,21.9,1800,800,500,14600,18300,0,1646340,34728000,0,22.11,0,21.98,34728588,411585,21.85,6260,22.08,,22.06,0,0,000001.SZ,5638466,1275700,20210706,127015072,5774565,22.94,21.2
884144,0,21.99,22.0,22.01,22.02,22.03,2800,8700,24300,69300,19700,21.95,21.94,21.93,21.92,21.91,1900,17200,3600,500,14600,0,765324,34731000,0,22.11,0,21.95,34731580,191331,21.85,6285,22.08,,22.06,0,0,000001.SZ,5642466,1306300,20210706,127353508,5789965,22.94,21.21
888001,0,21.95,21.97,21.99,22.0,22.01,100,900,2800,8700,24400,21.94,21.93,21.92,21.91,21.9,11100,3600,500,17800,18800,0,2885204,34734000,0,22.11,0,21.94,34734575,721301,21.85,6324,22.08,,22.06,0,0,000001.SZ,5646766,1302000,20210706,128167508,5827065,22.94,21.21
891921,0,21.99,22.01,22.02,22.03,22.05,500,34000,69300,19700,14100,21.96,21.95,21.94,21.93,21.92,7000,2600,15400,3600,500,0,2397272,34737000,0,22.11,0,21.96,34737571,599318,21.85,6338,22.08,,22.06,0,0,000001.SZ,5644666,1317000,20210706,128426976,5838865,22.94,21.22
895821,0,22.0,22.01,22.02,22.03,22.05,1400,34300,67800,19700,14100,21.99,21.96,21.95,21.94,21.93,9400,4900,3600,16900,4000,0,808008,34740000,0,22.11,0,21.99,34740567,202002,21.85,6350,22.08,,22.06,0,0,000001.SZ,5644666,1331300,20210706,128492877,5841865,22.94,21.23
899732,0,21.99,22.0,22.01,22.02,22.03,1100,15200,31200,68300,19700,21.96,21.95,21.94,21.93,21.92,2100,2200,5200,18000,800,0,78276,34743000,0,22.11,0,21.99,34743620,19569,21.85,6406,22.08,,22.06,0,0,000001.SZ,5652166,1318200,20210706,129974610,5909365,22.93,21.22
903608,0,21.99,22.0,22.01,22.02,22.03,7600,15200,31200,4500,19700,21.95,21.94,21.93,21.92,21.91,4000,5400,17600,4000,22200,0,348040,34746000,0,22.11,0,21.99,34746561,87010,21.85,6417,22.08,,22.06,0,0,000001.SZ,5596866,1324000,20210706,130088951,5914565,22.94,21.22
907507,0,21.99,22.0,22.01,22.02,22.03,1600,15200,31200,4100,20000,21.96,21.95,21.94,21.93,21.92,1300,4000,5500,16000,4000,0,2037760,34749000,0,22.11,0,21.99,34749551,509440,21.85,6424,22.08,,22.06,0,0,000001.SZ,5591166,1315800,20210706,130293404,5923865,22.94,21.22
911425,0,21.99,22.0,22.01,22.02,22.03,5200,15200,31200,4100,20000,21.96,21.95,21.94,21.93,21.92,20900,52300,5400,15700,9900,0,119164,34752000,0,22.11,0,21.96,34752547,29791,21.85,6445,22.08,,22.06,0,0,000001.SZ,5596766,1388400,20210706,131735571,5989565,22.94,21.26
915420,0,21.99,22.0,22.01,22.02,22.03,6100,15200,24300,4100,20000,21.96,21.95,21.94,21.93,21.92,19500,34900,5400,16500,9900,0,442420,34755000,0,22.11,0,21.96,34755603,110605,21.85,6461,22.08,,22.06,0,0,000001.SZ,5593466,1369800,20210706,131781705,5991665,22.95,21.25
919350,0,21.99,22.0,22.01,22.02,22.03,15000,15200,24300,4300,14200,21.96,21.95,21.94,21.93,21.92,32000,17600,5400,16500,11400,0,943292,34758000,0,22.11,0,21.99,34758600,235823,21.85,6469,22.08,,22.06,0,0,000001.SZ,5597566,1375000,20210706,131803677,5992665,22.94,21.24
923208,0,21.99,22.0,22.01,22.02,22.03,13500,17600,24300,4800,14600,21.96,21.95,21.94,21.93,21.92,31600,12000,5600,16500,11400,0,790532,34761000,0,22.11,0,21.96,34761596,197633,21.85,6479,22.08,,22.06,0,0,000001.SZ,5600666,1373400,20210706,131865226,5995465,22.94,21.24
927115,0,21.96,21.98,21.99,22.0,22.01,6900,5800,6400,18100,24300,21.95,21.94,21.93,21.92,21.91,12900,5900,16500,11400,12500,0,2670584,34764000,0,22.11,0,21.96,34764589,667646,21.85,6512,22.08,,22.06,0,0,000001.SZ,5606866,1348100,20210706,132897562,6042465,22.94,21.22
931006,0,21.96,21.98,21.99,22.0,22.01,8100,5800,6900,18200,24300,21.95,21.94,21.93,21.92,21.91,11900,5900,16500,11400,12500,0,3443952,34767000,0,22.11,0,21.96,34767585,860988,21.85,6533,22.08,,22.06,0,0,000001.SZ,5613566,1347600,20210706,133169856,6054865,22.94,21.22
934848,0,21.96,21.98,21.99,22.0,22.01,8300,5800,6900,16500,24300,21.95,21.94,21.93,21.92,21.91,6300,11500,16500,11400,12500,0,2460424,34770000,0,22.11,0,21.96,34770579,615106,21.85,6547,22.08,,22.06,0,0,000001.SZ,5613166,1349400,20210706,133437673,6067065,22.94,21.22
938734,0,21.96,21.98,21.99,22.0,22.01,9600,5800,9900,16500,25300,21.95,21.94,21.93,21.92,21.91,11900,11500,16500,11400,14400,0,2412060,34773000,0,22.11,0,21.95,34773575,603015,21.85,6554,22.08,,22.06,0,0,000001.SZ,5618466,1357300,20210706,133492564,6069565,22.94,21.22
942628,0,21.94,21.95,21.96,21.98,21.99,1900,19300,9700,5800,9900,21.93,21.92,21.91,21.9,21.89,10700,7200,14400,25700,3200,0,2463764,34776000,0,22.11,0,21.94,34776567,615941,21.85,6568,22.08,,22.06,0,0,000001.SZ,5640066,1334200,20210706,133870096,6086765,22.94,21.21
946523,0,21.95,21.96,21.98,21.99,22.0,24600,9700,5800,9900,16500,21.93,21.92,21.91,21.9,21.89,3800,12400,14400,27100,3400,0,3551660,34779000,0,22.11,0,21.93,34779563,887915,21.85,6576,22.08,,22.06,0,0,000001.SZ,5643966,1335100,20210706,134102588,6097365,22.94,21.21
950383,0,21.93,21.94,21.95,21.96,21.98,14300,100,26300,9500,5800,21.92,21.91,21.9,21.89,21.88,9700,10400,27100,3400,2500,0,3204592,34782000,0,22.11,0,21.93,34782559,801148,21.85,6583,22.08,,22.06,0,0,000001.SZ,5661066,1322700,20210706,134348210,6108565,22.93,21.2
954229,0,21.93,21.94,21.95,21.96,21.98,14600,100,29100,9500,5800,21.92,21.91,21.9,21.89,21.88,6700,9600,27100,6100,2500,0,2226556,34785000,0,22.11,0,21.92,34785554,556639,21.85,6592,22.08,,22.06,0,0,000001.SZ,5669866,1322700,20210706,134420575,6111865,22.93,21.2
958100,0,21.91,21.92,21.93,21.94,21.95,8300,500,48200,100,23100,21.9,21.89,21.88,21.87,21.86,26600,6100,2500,4200,9600,0,222880,34788000,0,22.11,0,21.91,34788549,55720,21.85,6610,22.08,,22.06,0,0,000001.SZ,5697466,1306000,20210706,134841353,6131065,22.93,21.19
962019,0,21.91,21.92,21.93,21.95,21.96,8300,2400,61400,26100,9300,21.9,21.89,21.88,21.87,21.86,25300,6100,6400,4200,9600,0,89696,34791000,0,22.11,0,21.9,34791606,22424,21.85,6611,22.08,,22.06,0,0,000001.SZ,5716766,1309600,20210706,134852303,6131565,22.93,21.19
965870,0,21.91,21.92,21.93,21.95,21.96,7300,1700,61400,26200,9300,21.9,21.89,21.88,21.87,21.86,20100,6100,8600,4200,9600,0,811112,34794000,0,22.11,0,21.91,34794603,202778,21.85,6631,22.08,,22.06,0,0,000001.SZ,5707766,1305100,20210706,135049418,6140565,22.93,21.19
969714,0,21.91,21.92,21.93,21.95,21.96,7200,3900,61400,26200,9300,21.9,21.89,21.88,21.87,21.86,3300,6100,20500,4200,9600,0,3750068,34797000,0,22.11,0,21.9,34797598,937517,21.85,6673,22.08,,22.06,0,0,000001.SZ,5717866,1305600,20210706,135693280,6169965,22.93,21.19
973555,0,21.91,21.92,21.93,21.95,21.96,7100,3900,61400,26200,9300,21.9,21.88,21.87,21.86,21.85,400,13100,4100,9600,10700,0,2025144,34800000,0,22.11,0,21.91,34800594,506286,21.85,6698,22.08,,22.06,0,0,000001.SZ,5708566,1289200,20210706,136135452,6190165,22.93,21.18
977484,0,21.9,21.91,21.92,21.93,21.95,10700,9100,3900,61400,25900,21.89,21.88,21.87,21.86,21.85,1800,10800,4200,9600,10900,0,1626032,34803000,0,22.11,0,21.9,34803591,406508,21.85,6715,22.08,,22.06,0,0,000001.SZ,5729566,1290900,20210706,136240524,6194965,22.93,21.18
981411,0,21.9,21.91,21.92,21.93,21.95,5700,9600,3900,61200,25900,21.89,21.88,21.87,21.86,21.85,6200,10800,4200,14600,10900,0,1723112,34806000,0,22.11,0,21.9,34806585,430778,21.85,6731,22.08,,22.06,0,0,000001.SZ,5735466,1305300,20210706,136428832,6203565,22.92,21.19
985331,0,21.92,21.93,21.95,21.96,21.98,5900,61200,25800,9300,5800,21.91,21.9,21.89,21.88,21.87,3600,1900,8500,13500,4200,0,1071908,34809000,0,22.11,0,21.91,34809586,267977,21.85,6766,22.08,,22.06,0,0,000001.SZ,5716166,1316700,20210706,136796853,6220365,22.93,21.19
989237,0,21.95,21.96,21.98,21.99,22.0,25800,9300,5300,7000,25600,21.94,21.93,21.92,21.91,21.9,400,11400,3100,7000,8500,0,2137116,34812000,0,22.11,0,21.93,34812575,534279,21.85,6802,22.08,,22.06,0,0,000001.SZ,5654066,1345800,20210706,138358125,6291565,22.94,21.21
993210,0,21.94,21.95,21.96,21.98,21.99,2300,26000,7600,5300,7000,21.93,21.92,21.91,21.9,21.89,66800,3600,7200,7800,14300,0,1840856,34815000,0,22.11,0,21.93,34815573,460214,21.85,6808,22.08,,22.06,0,0,000001.SZ,5656566,1401500,20210706,138454653,6295965,22.94,21.24
997169,0,21.94,21.95,21.96,21.98,21.99,800,26000,7600,5300,7000,21.93,21.92,21.91,21.9,21.89,71000,3600,9200,7900,11000,0,2100044,34818000,0,22.11,0,21.93,34818564,525011,21.85,6815,22.08,,22.06,0,0,000001.SZ,5656566,1407400,20210706,138518266,6298865,22.94,21.24
1001123,0,21.96,21.98,21.99,22.0,22.01,6400,5300,7000,25800,16300,21.94,21.93,21.92,21.91,21.9,3700,71900,3600,9200,12200,0,3933484,34821000,0,22.11,0,21.96,34821560,983371,21.85,6839,22.08,,22.06,0,0,000001.SZ,5633566,1415500,20210706,139137257,6327065,22.94,21.24
1005105,0,21.96,21.98,21.99,22.0,22.01,8300,7400,7000,25800,16300,21.94,21.93,21.92,21.91,21.9,10100,70800,3100,13200,9100,0,947688,34824000,0,22.11,0,21.94,34824554,236922,21.85,6847,22.08,,22.06,0,0,000001.SZ,5638466,1422200,20210706,139203085,6330065,22.94,21.25
1009038,0,21.96,21.98,21.99,22.0,22.01,9700,7400,7000,27800,16300,21.94,21.93,21.92,21.91,21.9,11200,70800,3100,13200,65800,0,1550032,34827000,0,22.11,0,21.94,34827550,387508,21.85,6849,22.08,,22.06,0,0,000001.SZ,5654866,1471000,20210706,139235995,6331565,22.94,21.27
1012986,0,21.96,21.98,21.99,22.0,22.01,9900,7400,7000,27800,16300,21.94,21.93,21.92,21.91,21.9,15300,71000,3100,13200,66000,0,3763840,34830000,0,22.11,0,21.94,34830544,940960,21.85,6857,22.08,,22.06,0,0,000001.SZ,5659066,1478800,20210706,139321563,6335465,22.94,21.28
1016950,0,21.96,21.98,21.99,22.0,22.01,12100,7400,7000,28300,16300,21.94,21.93,21.92,21.91,21.9,9400,71000,3100,13200,66000,0,3625696,34833000,0,22.11,0,21.96,34833603,906424,21.85,6861,22.08,,22.06,0,0,000001.SZ,5662266,1475400,20210706,139472969,6342365,22.94,21.27
1020825,0,21.95,21.96,21.98,21.99,22.0,3300,13300,7400,7000,28500,21.94,21.93,21.92,21.91,21.9,4900,71000,1400,13200,66300,0,625532,34836000,0,22.11,0,21.95,34836535,156383,21.85,6868,22.08,,22.06,0,0,000001.SZ,5667466,1476900,20210706,139617774,6348965,22.94,21.27
1024788,0,21.94,21.95,21.96,21.98,21.99,14700,4000,13300,7400,7000,21.93,21.92,21.91,21.9,21.89,71000,1400,9200,66100,6800,0,2990432,34839000,0,22.11,0,21.94,34839594,747608,21.85,6874,22.08,,22.06,0,0,000001.SZ,5680266,1467900,20210706,139729670,6354065,22.94,21.27
1028700,0,21.95,21.96,21.98,21.99,22.0,3800,13300,7400,7000,27900,21.93,21.92,21.91,21.9,21.89,59600,1400,9200,70400,6800,0,3316560,34842000,0,22.11,0,21.95,34842592,829140,21.85,6916,22.08,,22.06,0,0,000001.SZ,5665366,1464300,20210706,140308774,6380465,22.94,21.27
1032596,0,21.96,21.98,21.99,22.0,22.01,13300,7400,7000,60500,16300,21.94,21.93,21.92,21.91,21.9,2900,62600,1400,9200,70400,0,511276,34845000,0,22.11,0,21.94,34845589,127819,21.85,6927,22.08,,22.06,0,0,000001.SZ,5698066,1470500,20210706,140370233,6383265,22.93,21.27
1036461,0,21.95,21.96,21.98,21.99,22.0,200,14900,7400,7000,61000,21.94,21.93,21.92,21.91,21.9,5300,59900,2300,7200,66600,0,2817956,34848000,0,22.11,0,21.96,34848581,704489,21.85,6934,22.08,,22.06,0,0,000001.SZ,5710266,1465900,20210706,140552310,6391565,22.93,21.27
1040340,0,21.96,21.98,21.99,22.0,22.01,14900,7400,7000,61300,16300,21.95,21.94,21.93,21.92,21.91,200,8000,58900,2800,7200,0,2635644,34851000,0,22.11,0,21.94,34851576,658911,21.85,6943,22.08,,22.06,0,0,000001.SZ,5656766,1471500,20210706,140591813,6393365,22.94,21.27
1044204,0,21.96,21.98,21.99,22.0,22.01,15300,7400,9000,61300,16300,21.94,21.93,21.92,21.91,21.9,6800,60000,2800,7200,72800,0,1470608,34854000,0,22.11,0,21.94,34854571,367652,21.85,6948,22.08,,22.06,0,0,000001.SZ,5662866,1483700,20210706,140633511,6395265,22.94,21.27
1048039,0,21.96,21.98,21.99,22.0,22.01,15200,7400,9000,61300,16300,21.95,21.94,21.93,21.92,21.91,100,7100,54300,2800,7200,0,855904,34857000,0,22.11,0,21.96,34857567,213976,21.85,6960,22.08,,22.06,0,0,000001.SZ,5668766,1478500,20210706,140960364,6410165,22.94,21.27
1051883,0,21.96,21.98,21.99,22.0,22.01,11200,7400,9000,61300,16300,21.94,21.93,21.92,21.91,21.9,14700,55300,2800,7200,72800,0,1349420,34860000,0,22.11,0,21.94,34860560,337355,21.85,6973,22.08,,22.06,0,0,000001.SZ,5666666,1486800,20210706,141197423,6420965,22.94,21.28
1055797,0,21.96,21.98,21.99,22.0,22.01,13600,7400,9500,59300,16300,21.94,21.93,21.92,21.91,21.9,15100,12200,2800,7700,72800,0,3747204,34863000,0,22.11,0,21.95,34863619,936801,21.85,6975,22.08,,22.06,0,0,000001.SZ,5674566,1445500,20210706,141214987,6421765,22.94,21.26
1059710,0,21.96,21.98,21.99,22.0,22.01,500,7400,9500,59300,16300,21.95,21.94,21.93,21.92,21.91,6100,18800,12200,2800,7700,0,744048,34866000,0,22.11,0,21.96,34866614,186012,21.85,7027,22.08,,22.06,0,0,000001.SZ,5673066,1462300,20210706,141895558,6452765,22.94,21.26
1063640,0,21.98,21.99,22.0,22.01,22.02,6000,9500,59300,16300,4900,21.96,21.95,21.94,21.93,21.92,1400,2700,18300,12200,2800,0,149340,34869000,0,22.11,0,21.96,34869608,37335,21.85,7050,22.08,,22.06,0,0,000001.SZ,5684166,1457800,20210706,142137101,6463765,22.94,21.26
1067591,0,21.99,22.0,22.01,22.02,22.03,7600,59300,16300,4900,3800,21.96,21.95,21.94,21.93,21.92,13600,7600,18500,12200,2800,0,3297188,34872000,0,22.11,0,21.96,34872603,824297,21.85,7069,22.08,,22.06,0,0,000001.SZ,5675766,1472200,20210706,142466770,6478765,22.94,21.27
1071465,0,21.99,22.0,22.01,22.02,22.03,7500,59700,16300,4900,3800,21.97,21.96,21.95,21.94,21.93,1300,13600,3600,18800,12200,0,2263160,34875000,0,22.11,0,21.97,34875597,565790,21.85,7076,22.08,,22.06,0,0,000001.SZ,5681566,1471800,20210706,142534884,6481865,22.94,21.27
1075365,0,21.98,21.99,22.0,22.01,22.02,3200,7500,59700,16300,4900,21.97,21.96,21.95,21.94,21.93,7400,14800,3800,18800,12200,0,3071900,34878000,0,22.11,0,21.97,34878595,767975,21.85,7079,22.08,,22.06,0,0,000001.SZ,5684666,1473800,20210706,142552460,6482665,22.94,21.27
1079250,0,21.98,21.99,22.0,22.01,22.02,400,7600,59300,16300,4900,21.97,21.96,21.95,21.94,21.93,1600,14800,3800,18800,12200,0,2367620,34881000,0,22.11,0,21.98,34881590,591905,21.85,7088,22.08,,22.06,0,0,000001.SZ,5648966,1466200,20210706,142748024,6491565,22.94,21.26
1083158,0,21.99,22.0,22.01,22.02,22.03,1200,54600,16300,4900,3300,21.98,21.97,21.96,21.95,21.94,4200,2400,14800,3800,18800,0,112072,34884000,0,22.11,0,22.0,34884586,28018,21.85,7108,22.08,,22.06,0,0,000001.SZ,5636966,1469600,20210706,143152572,6509965,22.94,21.27
1087025,0,21.99,22.0,22.01,22.02,22.03,1500,54600,16300,4900,3300,21.98,21.97,21.96,21.95,21.94,3300,6900,14800,3800,18800,0,2069372,34887000,0,22.11,0,21.98,34887581,517343,21.85,7114,22.08,,22.06,0,0,000001.SZ,5638566,1473400,20210706,143167958,6510665,22.94,21.27
1090891,0,21.98,21.99,22.0,22.01,22.02,100,3200,55700,16100,4900,21.97,21.96,21.95,21.94,21.93,2100,14800,3800,20800,12200,0,512988,34890000,0,22.11,0,21.97,34890577,128247,21.85,7136,22.08,,22.06,0,0,000001.SZ,5645466,1472300,20210706,143376706,6520165,22.94,21.27
1094721,0,21.98,21.99,22.0,22.01,22.02,600,3800,55700,16100,4900,21.97,21.96,21.95,21.94,21.93,1200,25400,2900,20800,12200,0,3651856,34893000,0,22.11,0,21.97,34893511,912964,21.85,7148,22.08,,22.06,0,0,000001.SZ,5646566,1492000,20210706,143517319,6526565,22.94,21.27
1098585,0,21.98,21.99,22.0,22.01,22.02,5700,3800,55700,16100,4900,21.97,21.96,21.95,21.94,21.93,1800,25400,3200,20600,12200,0,3535452,34896000,0,22.11,0,21.98,34896564,883863,21.85,7154,22.08,,22.06,0,0,000001.SZ,5652866,1492900,20210706,143657985,6532965,22.94,21.28
1102472,0,21.98,21.99,22.0,22.01,22.02,6800,3800,55900,16100,4900,21.97,21.96,21.95,21.94,21.93,2500,30400,3200,20600,12200,0,3007480,34899000,0,22.11,0,21.98,34899559,751870,21.85,7159,22.08,,22.06,0,0,000001.SZ,5654666,1497200,20210706,143726103,6536065,22.94,21.28
1106315,0,21.99,22.0,22.01,22.02,22.03,2800,56000,16100,4900,3300,21.97,21.96,21.95,21.94,21.93,2500,30800,3200,18600,12200,0,620016,34902000,0,22.11,0,21.99,34902555,155004,21.85,7170,22.08,,22.06,0,0,000001.SZ,5652266,1496500,20210706,143934913,6545565,22.94,21.28
1110160,0,21.97,21.99,22.0,22.01,22.02,2300,2100,56000,16100,4900,21.96,21.95,21.94,21.93,21.92,28200,3200,18600,12200,2800,0,693504,34905000,0,22.11,0,21.97,34905551,173376,21.85,7189,22.08,,22.06,0,0,000001.SZ,5654866,1497000,20210706,144165639,6556065,22.94,21.28
1113981,0,21.98,21.99,22.0,22.01,22.02,500,4800,57200,16100,4900,21.96,21.95,21.94,21.93,21.92,33700,3200,18900,12200,2800,0,614760,34908000,0,22.11,0,21.96,34908545,153690,21.85,7206,22.08,,22.06,0,0,000001.SZ,5657166,1503300,20210706,144413888,6567365,22.94,21.28
1117792,0,21.97,21.98,21.99,22.0,22.01,200,6000,4600,60700,16100,21.96,21.95,21.94,21.93,21.92,23900,3200,18900,9200,2800,0,1432240,34911000,0,22.11,0,21.96,34911539,358060,21.85,7227,22.08,,22.06,0,0,000001.SZ,5667266,1492500,20210706,144648869,6578065,22.94,21.28
1121625,0,21.98,21.99,22.0,22.01,22.02,6000,4600,60700,16100,4900,21.97,21.96,21.95,21.94,21.93,300,23900,4900,18900,9200,0,3099572,34914000,0,22.11,0,21.97,34914534,774893,21.85,7243,22.08,,22.06,0,0,000001.SZ,5666366,1492600,20210706,144763100,6583265,22.94,21.28
1125480,0,21.98,21.99,22.0,22.01,22.02,2800,6700,60700,16100,4900,21.97,21.96,21.95,21.94,21.93,1600,24800,4900,18900,9200,0,411472,34917000,0,22.11,0,21.97,34917530,102868,21.85,7252,22.08,,22.06,0,0,000001.SZ,5672466,1495400,20210706,144866389,6587965,22.94,21.28
1129347,0,21.97,21.98,21.99,22.0,22.01,100,5400,6700,60700,16100,21.96,21.95,21.94,21.93,21.92,24800,4900,18900,9200,2800,0,3048992,34920000,0,22.11,0,21.97,34920527,762248,21.85,7260,22.08,,22.06,0,0,000001.SZ,5677666,1493400,20210706,145094877,6598365,22.94,21.28
1133270,0,21.97,21.98,21.99,22.0,22.01,1300,10600,6900,60700,16100,21.96,21.95,21.94,21.93,21.92,31400,4900,18900,9200,2800,0,2170632,34923000,0,22.11,0,21.96,34923585,542658,21.85,7270,22.08,,22.06,0,0,000001.SZ,5686466,1500900,20210706,145160771,6601365,22.94,21.28
1137130,0,21.97,21.98,21.99,22.0,22.01,3200,10700,7700,60800,16100,21.96,21.95,21.94,21.93,21.92,33400,4900,18700,9200,2800,0,1775352,34926000,0,22.11,0,21.96,34926527,443838,21.85,7277,22.08,,22.06,0,0,000001.SZ,5686666,1503400,20210706,145184935,6602465,22.94,21.28
1141048,0,21.98,21.99,22.0,22.01,22.02,4000,7700,60800,16100,4900,21.97,21.96,21.95,21.94,21.93,44400,31800,4900,18700,9200,0,3889864,34929000,0,22.11,0,21.98,34929516,972466,21.85,7299,22.08,,22.06,0,0,000001.SZ,5676766,1545900,20210706,145567264,6619865,22.94,21.3
1144971,0,22.0,22.01,22.02,22.03,22.04,33300,16100,4900,3300,3700,21.99,21.97,21.96,21.95,21.94,9400,64100,23600,5000,18700,0,3337428,34932000,0,22.11,0,22.0,34932571,834357,21.85,7351,22.08,,22.06,0,0,000001.SZ,5673566,1569000,20210706,146440496,6659565,22.95,21.31
1148875,0,22.0,22.01,22.02,22.03,22.04,2700,16100,4900,3300,3700,21.99,21.98,21.97,21.96,21.95,9900,700,54200,23700,5300,0,1992860,34935000,0,22.11,0,21.99,34935564,498215,21.85,7377,22.08,,22.06,0,0,000001.SZ,5643166,1560800,20210706,147498571,6707665,22.95,21.31
1152751,0,22.0,22.01,22.02,22.03,22.04,6300,16100,4900,3300,3700,21.99,21.98,21.97,21.96,21.95,15900,700,54200,23700,5600,0,84228,34938000,0,22.11,0,21.99,34938559,21057,21.85,7382,22.08,,22.06,0,0,000001.SZ,5647766,1561000,20210706,147533764,6709265,22.95,21.31
1156620,0,22.0,22.01,22.02,22.03,22.04,6300,16100,4900,3300,3700,21.99,21.98,21.97,21.96,21.95,13300,1700,52100,22100,2900,0,3856040,34941000,0,22.11,0,21.99,34941552,964010,21.85,7383,22.08,,22.06,0,0,000001.SZ,5647666,1553000,20210706,147590938,6711865,22.95,21.3
1160479,0,22.0,22.01,22.02,22.03,22.04,7600,16100,4900,3300,3700,21.99,21.98,21.97,21.96,21.95,27100,1300,51700,22000,2900,0,330440,34944000,0,22.11,0,22.0,34944549,82610,21.85,7389,22.08,,22.06,0,0,000001.SZ,5645766,1565900,20210706,147637137,6713965,22.95,21.31
1164377,0,22.0,22.01,22.02,22.03,22.04,5500,13800,4900,3300,3700,21.99,21.98,21.97,21.96,21.95,27300,1300,51700,22800,3400,0,451620,34947000,0,22.11,0,22.0,34947545,112905,21.85,7396,22.08,,22.06,0,0,000001.SZ,5644766,1567200,20210706,147709727,6717265,22.95,21.31
1168247,0,22.0,22.01,22.02,22.03,22.04,6800,13800,4900,3300,3700,21.99,21.98,21.97,21.96,21.95,16200,1000,51700,22800,3400,0,1337372,34950000,0,22.11,0,22.0,34950540,334343,21.85,7397,22.08,,22.06,0,0,000001.SZ,5652266,1557400,20210706,147720727,6717765,22.95,21.3
1172088,0,22.0,22.01,22.02,22.03,22.04,6200,14000,4900,3300,3700,21.99,21.98,21.97,21.96,21.95,17800,1000,51700,22800,3600,0,336848,34953000,0,22.11,0,22.0,34953536,84212,21.85,7402,22.08,,22.06,0,0,000001.SZ,5651866,1559900,20210706,147744926,6718865,22.95,21.3
1175909,0,22.0,22.01,22.02,22.03,22.04,7600,14000,4900,3300,3700,21.99,21.98,21.97,21.96,21.95,17800,1000,51700,22800,3800,0,904796,34956000,0,22.11,0,22.0,34956530,226199,21.85,7405,22.08,,22.06,0,0,000001.SZ,5650866,1556200,20210706,147769122,6719965,22.95,21.3
1179735,0,22.0,22.01,22.02,22.03,22.04,17300,14000,4900,3300,3700,21.99,21.98,21.97,21.96,21.95,16800,1000,51700,23800,3800,0,2604,34959000,0,22.11,0,21.99,34959527,651,21.85,7409,22.08,,22.06,0,0,000001.SZ,5662366,1550600,20210706,147797712,6721265,22.95,21.3
1183603,0,22.0,22.01,22.02,22.03,22.04,18400,14000,5700,3300,3700,21.99,21.98,21.97,21.96,21.95,11800,1000,51700,22900,3800,0,3983856,34962000,0,22.11,0,21.99,34962524,995964,21.85,7430,22.08,,22.06,0,0,000001.SZ,5664266,1544100,20210706,147931851,6727365,22.95,21.3
1187401,0,22.0,22.01,22.02,22.03,22.04,4700,7400,5700,3300,3700,21.99,21.98,21.97,21.96,21.95,4400,1000,51700,23200,3800,0,3280276,34965000,0,22.11,0,21.99,34965519,820069,21.85,7466,22.08,,22.06,0,0,000001.SZ,5643866,1537100,20210706,148624856,6758865,22.95,21.29
1191298,0,22.0,22.01,22.02,22.03,22.04,4100,8200,5700,3300,3700,21.99,21.98,21.97,21.96,21.95,9600,1000,51700,23200,3900,0,466456,34968000,0,22.11,0,21.99,34968576,116614,21.85,7474,22.08,,22.06,0,0,000001.SZ,5641266,1540700,20210706,148697437,6762165,22.95,21.3
1195090,0,22.0,22.01,22.02,22.03,22.04,5900,8200,5700,3300,3700,21.99,21.98,21.97,21.96,21.95,7500,1000,51700,23200,3900,0,1339492,34971000,0,22.11,0,21.99,34971511,334873,21.85,7482,22.08,,22.06,0,0,000001.SZ,5645566,1543200,20210706,148789816,6766365,22.95,21.29
1198957,0,22.01,22.02,22.03,22.04,22.05,8200,5700,3300,3700,23300,22.0,21.99,21.98,21.97,21.96,12000,7600,1000,51600,23200,0,634468,34974000,0,22.11,0,22.0,34974566,158617,21.85,7492,22.08,,22.06,0,0,000001.SZ,5646166,1551800,20210706,149018597,6776765,22.95,21.3
1202788,0,21.99,22.0,22.01,22.02,22.03,2100,1900,9300,6200,3300,21.98,21.97,21.96,21.95,21.94,600,51100,22900,3900,18700,0,1982792,34977000,0,22.11,0,21.99,34977559,495698,21.85,7513,22.08,,22.06,0,0,000001.SZ,5652466,1531000,20210706,149515662,6799365,22.95,21.29
1206664,0,21.99,22.0,22.01,22.02,22.03,100,3100,9300,6200,3300,21.98,21.97,21.96,21.95,21.94,2100,51100,22900,4300,18700,0,105008,34980000,0,22.11,0,21.99,34980553,26252,21.85,7515,22.08,,22.06,0,0,000001.SZ,5646966,1533500,20210706,149559642,6801365,22.95,21.29
1210501,0,21.99,22.0,22.01,22.02,22.03,1800,4600,9300,6200,3300,21.98,21.97,21.96,21.95,21.94,1200,51100,22900,4300,18700,0,1748892,34983000,0,22.11,0,21.99,34983552,437223,21.85,7520,22.08,,22.06,0,0,000001.SZ,5675366,1534100,20210706,149594817,6802965,22.95,21.29
1214394,0,21.99,22.0,22.01,22.02,22.03,800,6700,9300,6200,3300,21.98,21.97,21.96,21.95,21.94,7100,56100,22200,4300,18700,0,862556,34986000,0,22.11,0,21.99,34986546,215639,21.85,7524,22.08,,22.06,0,0,000001.SZ,5676166,1548900,20210706,149632195,6804665,22.95,21.3
1218281,0,21.99,22.0,22.01,22.02,22.03,5400,5400,11300,7500,3300,21.98,21.97,21.96,21.95,21.94,8400,56100,22200,4300,18700,0,1886156,34989000,0,22.11,0,21.98,34989543,471539,21.85,7538,22.08,,22.06,0,0,000001.SZ,5683266,1548600,20210706,149704742,6807965,22.95,21.3
1222185,0,22.0,22.01,22.02,22.03,22.04,6600,11300,7500,3300,4000,21.98,21.97,21.96,21.95,21.94,9400,56100,22200,4300,18700,0,2221744,34992000,0,22.11,0,21.99,34992535,555436,21.85,7542,22.08,,22.06,0,0,000001.SZ,5687066,1557900,20210706,149948831,6819065,22.95,21.3
1226073,0,22.0,22.01,22.02,22.03,22.04,8300,11300,7500,3300,4000,21.98,21.97,21.96,21.95,21.94,7400,56100,22200,4300,18700,0,335512,34995000,0,22.11,0,21.98,34995532,83878,21.85,7551,22.08,,22.06,0,0,000001.SZ,5697266,1551400,20210706,150030175,6822765,22.95,21.3
1229958,0,22.0,22.01,22.02,22.03,22.04,1500,4400,7500,3300,4000,21.98,21.97,21.96,21.95,21.94,8300,56100,22200,4300,18200,0,2698560,34998000,0,22.11,0,21.98,34998528,674640,21.85,7579,22.08,,22.06,0,0,000001.SZ,5683966,1551900,20210706,150505363,6844365,22.95,21.3
1233840,0,22.0,22.01,22.02,22.03,22.04,5400,4400,7500,3300,4000,21.98,21.97,21.96,21.95,21.94,8300,56100,22200,4300,18200,0,898036,35001000,0,22.11,0,21.99,35001524,224509,21.85,7585,22.08,,22.06,0,0,000001.SZ,5687866,1553800,20210706,150599931,6848665,22.95,21.3
1237718,0,22.0,22.01,22.02,22.03,22.04,12600,5500,9100,3600,4700,21.98,21.97,21.96,21.95,21.94,8600,56100,22200,4300,19300,0,1991276,35004000,0,22.11,0,21.98,35004520,497819,21.85,7589,22.08,,22.06,0,0,000001.SZ,5698766,1556500,20210706,150643908,6850665,22.95,21.3
1241630,0,21.99,22.0,22.01,22.02,22.03,500,20300,5500,9100,3600,21.98,21.97,21.96,21.95,21.94,9100,56100,22200,4300,19300,0,3906376,35007000,0,22.11,0,21.99,35007572,976594,21.85,7604,22.08,,22.06,0,0,000001.SZ,5698266,1557100,20210706,150797769,6857665,22.95,21.3
1245519,0,22.0,22.01,22.02,22.03,22.04,18300,5500,9100,3600,4700,21.98,21.97,21.96,21.95,21.94,22600,56100,22200,4300,19300,0,838280,35010000,0,22.11,0,22.0,35010571,209570,21.85,7613,22.08,,22.06,0,0,000001.SZ,5685466,1570700,20210706,150868158,6860865,22.95,21.31
1249331,0,22.0,22.01,22.02,22.03,22.04,18200,5500,9100,3600,4700,21.98,21.97,21.96,21.95,21.94,22900,56100,22200,3800,19300,0,3742552,35013000,0,22.11,0,22.0,35013570,935638,21.85,7617,22.08,,22.06,0,0,000001.SZ,5685466,1571000,20210706,150905544,6862565,22.95,21.31
1253191,0,22.01,22.02,22.03,22.04,22.05,5500,9100,3600,4700,14000,21.99,21.98,21.97,21.96,21.95,800,24200,56100,22200,3800,0,2987168,35016000,0,22.11,0,22.0,35016561,746792,21.85,7637,22.08,,22.06,0,0,000001.SZ,5668466,1577300,20210706,151319138,6881365,22.95,21.31
1257071,0,22.01,22.02,22.03,22.04,22.05,3900,9100,3600,4700,17500,21.99,21.98,21.97,21.96,21.95,7100,24200,56100,22200,3800,0,3534376,35019000,0,22.11,0,21.99,35019556,883594,21.85,7642,22.08,,22.06,0,0,000001.SZ,5661866,1584600,20210706,151356534,6883065,22.95,21.31
1260902,0,22.01,22.02,22.03,22.04,22.05,3900,9100,7600,4700,17500,21.99,21.98,21.97,21.96,21.95,19400,25400,56100,22200,3800,0,3464340,35022000,0,22.11,0,21.99,35022549,866085,21.85,7646,22.08,,22.06,0,0,000001.SZ,5666266,1541300,20210706,151385121,6884365,22.95,21.29
1264712,0,22.02,22.03,22.04,22.05,22.06,2600,7600,4700,17500,13600,21.99,21.98,21.97,21.96,21.95,19300,25400,56100,22200,3800,0,1969056,35025000,0,22.11,0,21.99,35025545,492264,21.85,7673,22.08,,22.06,0,0,000001.SZ,5657166,1542600,20210706,151644902,6896165,22.95,21.29
1268495,0,22.03,22.04,22.05,22.06,22.07,5500,4700,17500,15000,17800,22.0,21.99,21.98,21.97,21.96,500,15500,26200,56100,22200,0,2820024,35028000,0,22.11,0,22.0,35028541,705006,21.85,7689,22.08,,22.06,0,0,000001.SZ,5654566,1540300,20210706,151926584,6908965,22.95,21.29
1272310,0,22.02,22.03,22.04,22.05,22.06,1200,3200,4900,17500,15000,22.0,21.99,21.98,21.97,21.96,200,16600,26200,56100,22200,0,100648,35031000,0,22.11,0,22.0,35031536,25162,21.85,7696,22.08,,22.06,0,0,000001.SZ,5662366,1543200,20210706,151974971,6911165,22.95,21.29
1276123,0,22.03,22.04,22.05,22.06,22.07,2100,4900,17500,15000,24800,22.0,21.99,21.98,21.97,21.96,11400,16400,27100,56100,22200,0,856956,35034000,0,22.11,0,22.03,35034531,214239,21.85,7716,22.08,,22.06,0,0,000001.SZ,5663766,1555600,20210706,152087232,6916265,22.95,21.3
1279958,0,22.04,22.05,22.06,22.07,22.08,6200,17500,15000,24800,24300,22.01,22.0,21.99,21.98,21.97,800,1200,16600,26000,56100,0,1242184,35037000,0,22.11,0,22.03,35037528,310546,21.85,7741,22.08,,22.06,0,0,000001.SZ,5661166,1543400,20210706,152507566,6935365,22.95,21.29
1283864,0,22.05,22.06,22.07,22.08,22.09,8700,15000,24800,26500,168110,22.01,22.0,21.99,21.98,21.97,1100,800,16600,25800,56100,0,426652,35040000,0,22.11,0,22.05,35040526,106663,21.85,7759,22.08,,22.06,0,0,000001.SZ,5648266,1542900,20210706,153038602,6959465,22.96,21.29
1287760,0,22.02,22.03,22.04,22.05,22.06,7700,300,8600,7700,15000,22.01,22.0,21.99,21.98,21.97,1900,800,16600,25800,56100,0,1104360,35043000,0,22.11,0,22.02,35043581,276090,21.85,7766,22.08,,22.06,0,0,000001.SZ,5678866,1542400,20210706,153115663,6962965,22.95,21.29
1291679,0,22.03,22.04,22.05,22.06,22.07,4600,2000,7700,14600,24800,22.01,21.99,21.98,21.97,21.96,3100,16600,25800,56100,27200,0,1418160,35046000,0,22.11,0,22.04,35046575,354540,21.85,7792,22.08,,22.06,0,0,000001.SZ,5672866,1548400,20210706,153615560,6985665,22.95,21.3
1295587,0,22.01,22.02,22.03,22.04,22.05,100,1600,12300,1200,8700,22.0,21.99,21.98,21.97,21.96,400,16600,25800,56100,27200,0,2602800,35049000,0,22.11,0,22.02,35049570,650700,21.85,7797,22.08,,22.06,0,0,000001.SZ,5682266,1548200,20210706,153685993,6988865,22.95,21.3
1299454,0,22.02,22.03,22.04,22.05,22.06,1700,12300,1700,8700,15000,22.01,22.0,21.99,21.98,21.97,200,3200,16600,24900,56100,0,1611324,35052000,0,22.11,0,22.01,35052563,402831,21.85,7805,22.08,,22.06,0,0,000001.SZ,5682866,1550300,20210706,153736630,6991165,22.95,21.3
1303339,0,22.01,22.02,22.03,22.04,22.05,100,1700,11200,1700,8600,22.0,21.99,21.98,21.97,21.96,3200,17100,24900,59100,27200,0,2641044,35055000,0,22.11,0,22.01,35055560,660261,21.85,7818,22.08,,22.06,0,0,000001.SZ,5675166,1553600,20210706,153864329,6996965,22.95,21.3
1307174,0,22.01,22.02,22.03,22.04,22.05,800,3100,11200,1700,10900,21.99,21.98,21.97,21.96,21.95,17100,24900,59100,27200,3800,0,3531312,35058000,0,22.11,0,22.0,35058556,882828,21.85,7829,22.08,,22.06,0,0,000001.SZ,5678766,1551200,20210706,153974333,7001965,22.95,21.3
1311025,0,22.0,22.03,22.04,22.05,22.06,1600,1100,1700,10900,14700,21.99,21.98,21.97,21.96,21.95,13600,24900,59100,27200,3800,0,3536496,35061000,0,22.11,0,22.03,35061548,884124,21.85,7843,22.08,,22.06,0,0,000001.SZ,5668066,1548300,20210706,154425653,7022465,22.96,21.3
1314881,0,22.02,22.03,22.04,22.05,22.06,2500,27400,4700,20900,14600,21.99,21.98,21.97,21.96,21.95,13600,24900,59100,27200,3800,0,2602288,35064000,0,22.11,0,22.03,35064546,650572,21.85,7870,22.08,,22.06,0,0,000001.SZ,5708166,1548300,20210706,155412419,7067265,22.95,21.3
1318754,0,22.01,22.02,22.03,22.04,22.05,3100,17100,19400,4700,18200,22.0,21.99,21.98,21.97,21.96,600,11200,26300,59100,26200,0,530396,35067000,0,22.11,0,22.0,35067541,132599,21.85,7875,22.08,,22.06,0,0,000001.SZ,5715766,1543800,20210706,155504783,7071465,22.95,21.3
1322623,0,22.01,22.02,22.03,22.04,22.05,2400,14900,19400,4700,17700,22.0,21.99,21.98,21.97,21.96,9300,11200,26300,59200,26200,0,1049744,35070000,0,22.11,0,22.01,35070539,262436,21.85,7892,22.08,,22.06,0,0,000001.SZ,5724166,1553200,20210706,155610390,7076265,22.95,21.3
1326441,0,22.0,22.01,22.02,22.03,22.04,3600,200,14400,19400,4700,21.99,21.98,21.97,21.96,21.95,8100,26300,59200,26200,4200,0,1804592,35073000,0,22.11,0,22.01,35073532,451148,21.85,7906,22.08,,22.06,0,0,000001.SZ,5738166,1540800,20210706,155931614,7090865,22.95,21.29
1330295,0,22.0,22.01,22.02,22.03,22.04,3000,500,14400,22900,34800,21.99,21.98,21.97,21.96,21.95,8200,26300,59400,26200,4200,0,1398432,35076000,0,22.11,0,22.0,35076527,349608,21.85,7908,22.08,,22.06,0,0,000001.SZ,5774066,1541100,20210706,155947014,7091565,22.94,21.29
1334133,0,21.99,22.0,22.01,22.02,22.03,4700,3200,500,2400,22900,21.98,21.97,21.96,21.95,21.94,26300,59400,26200,4200,19300,0,2317540,35079000,0,22.11,0,21.99,35079524,579385,21.85,7929,22.08,,22.06,0,0,000001.SZ,5768766,1535900,20210706,156285661,7106965,22.94,21.29
1337948,0,21.99,22.0,22.01,22.02,22.03,5300,3200,500,2400,22900,21.98,21.97,21.96,21.95,21.94,20700,59400,21200,4200,19300,0,322940,35082000,0,22.11,0,21.98,35082522,80735,21.85,7945,22.08,,22.06,0,0,000001.SZ,5779666,1525600,20210706,156443919,7114165,22.94,21.29
1341774,0,22.0,22.01,22.02,22.03,22.04,1600,500,4400,22900,34700,21.98,21.97,21.96,21.95,21.94,1700,59600,21200,4200,19300,0,1930128,35085000,0,22.11,0,21.99,35085575,482532,21.85,7997,22.08,,22.06,0,0,000001.SZ,5777266,1505800,20210706,157048484,7141665,22.94,21.28
1345589,0,21.98,21.99,22.0,22.01,22.02,6700,500,6600,700,4400,21.97,21.96,21.95,21.94,21.93,55500,21200,4200,19300,5900,0,14220,35088000,0,22.11,0,21.98,35088570,3555,21.85,8012,22.08,,22.06,0,0,000001.SZ,5750066,1500800,20210706,157136404,7145665,22.95,21.28
1349392,0,21.98,21.99,22.0,22.01,22.02,14800,500,6600,700,4400,21.97,21.96,21.95,21.94,21.93,53200,21200,4200,19300,5900,0,585056,35091000,0,22.11,0,21.97,35091563,146264,21.85,8016,22.08,,22.06,0,0,000001.SZ,5761766,1499600,20210706,157202322,7148665,22.94,21.27
1353212,0,21.98,21.99,22.0,22.01,22.02,9300,500,9000,700,8100,21.97,21.96,21.95,21.94,21.93,48100,21200,4200,19300,5900,0,1832904,35094000,0,22.11,0,21.97,35094561,458226,21.85,8023,22.08,,22.06,0,0,000001.SZ,5732766,1493800,20210706,157369309,7156265,22.95,21.27
1357002,0,21.98,21.99,22.0,22.01,22.02,9100,500,9000,700,8100,21.97,21.96,21.95,21.94,21.93,47100,21200,4200,19300,5900,0,2085308,35097000,0,22.11,0,21.97,35097554,521327,21.85,8029,22.08,,22.06,0,0,000001.SZ,5734366,1492800,20210706,157437418,7159365,22.95,21.27
1360803,0,21.98,21.99,22.0,22.01,22.02,3400,500,9000,700,8100,21.97,21.96,21.95,21.94,21.93,39700,21200,4200,18200,5900,0,1965464,35100000,0,22.11,0,21.97,35100550,491366,21.85,8039,22.08,,22.06,0,0,000001.SZ,5727566,1485000,20210706,157698901,7171265,22.95,21.27
1364631,0,21.98,21.99,22.0,22.01,22.02,3700,1500,9000,700,8100,21.97,21.96,21.95,21.94,21.93,31100,21700,4200,18700,5900,0,3274024,35103000,0,22.11,0,21.98,35103545,818506,21.85,8055,22.08,,22.06,0,0,000001.SZ,5741166,1479500,20210706,157901031,7180465,22.95,21.26
1368541,0,21.99,22.0,22.01,22.02,22.03,1600,9000,700,8100,23000,21.98,21.97,21.96,21.95,21.94,2200,20400,21800,9200,18700,0,850436,35106000,0,22.11,0,21.98,35106545,212609,21.85,8086,22.08,,22.06,0,0,000001.SZ,5728066,1476100,20210706,158296563,7198465,22.95,21.26
1372384,0,21.99,22.0,22.01,22.02,22.03,400,9900,800,8100,23000,21.98,21.97,21.96,21.95,21.94,1500,14300,21800,9200,18700,0,1780536,35109000,0,22.11,0,21.98,35109535,445134,21.85,8111,22.08,,22.06,0,0,000001.SZ,5729166,1472200,20210706,158608661,7212665,22.95,21.26
1376273,0,21.99,22.0,22.01,22.02,22.03,400,9900,800,7700,23000,21.98,21.97,21.96,21.95,21.94,700,11300,21800,9200,18200,0,492844,35112000,0,22.11,0,21.98,35112534,123211,21.85,8126,22.08,,22.06,0,0,000001.SZ,5728566,1465900,20210706,158775691,7220265,22.95,21.26
1380161,0,21.98,21.99,22.0,22.01,22.02,200,200,3300,17100,8300,21.97,21.96,21.95,21.94,21.93,9300,18900,9200,18200,5900,0,3023468,35115000,0,22.11,0,21.97,35115530,755867,21.85,8151,22.08,,22.06,0,0,000001.SZ,5742466,1459500,20210706,159112143,7235565,22.95,21.25
1384028,0,21.98,21.99,22.0,22.01,22.02,700,200,3300,17000,9300,21.97,21.96,21.95,21.94,21.93,100,15800,8900,18200,5900,0,3088604,35118000,0,22.11,0,21.97,35118524,772151,21.85,8174,22.08,,22.06,0,0,000001.SZ,5744266,1448800,20210706,159334039,7245665,22.95,21.25
1387886,0,22.0,22.01,22.02,22.03,22.04,200,15800,9300,23000,5100,21.97,21.96,21.95,21.94,21.93,15500,15800,8900,18200,5900,0,502116,35121000,0,22.11,0,21.97,35121529,125529,21.85,8206,22.08,,22.06,0,0,000001.SZ,5741266,1463000,20210706,159659365,7260465,22.95,21.25
1391746,0,21.98,21.99,22.0,22.01,22.02,100,3200,200,18900,10700,21.97,21.96,21.95,21.94,21.93,39800,15900,8900,18200,5900,0,3638380,35124000,0,22.11,0,21.98,35124573,909595,21.85,8215,22.08,,22.06,0,0,000001.SZ,5748166,1486400,20210706,159789007,7266365,22.95,21.27
1395615,0,21.97,21.98,21.99,22.0,22.01,2300,500,3200,200,18900,21.96,21.95,21.94,21.93,21.92,15900,9700,18200,5900,3700,0,1367856,35127000,0,22.11,0,21.97,35127568,341964,21.85,8257,22.08,,22.06,0,0,000001.SZ,5750966,1455100,20210706,159909850,7271865,22.95,21.25
1399475,0,21.98,22.0,22.01,22.02,22.03,900,200,18900,9300,23000,21.96,21.95,21.94,21.93,21.92,15500,11100,18200,5900,3700,0,3548452,35130000,0,22.11,0,21.97,35130566,887113,21.85,8275,22.08,,22.06,0,0,000001.SZ,5746266,1456100,20210706,160133943,7282065,22.95,21.25
1403309,0,21.97,21.98,22.0,22.01,22.02,300,17300,400,18900,9300,21.96,21.95,21.94,21.93,21.92,39600,11100,18200,5900,3700,0,108924,35133000,0,22.11,0,21.97,35133560,27231,21.85,8283,22.08,,22.06,0,0,000001.SZ,5762966,1480600,20210706,160270120,7288265,22.95,21.26
1407155,0,21.98,22.0,22.01,22.02,22.03,20500,400,15800,11000,23200,21.97,21.96,21.95,21.94,21.93,600,8600,11100,18200,5900,0,3070880,35136000,0,22.11,0,21.96,35136554,767720,21.85,8296,22.08,,22.06,0,0,000001.SZ,5767966,1449900,20210706,160384323,7293465,22.95,21.25
1410989,0,21.98,22.0,22.01,22.02,22.03,20400,400,15800,11000,23200,21.97,21.96,21.95,21.94,21.93,20900,9200,11100,18200,5900,0,1251280,35139000,0,22.11,0,21.97,35139553,312820,21.85,8310,22.08,,22.06,0,0,000001.SZ,5769766,1471600,20210706,160551296,7301065,22.95,21.26
1414777,0,21.99,22.0,22.01,22.02,22.03,1100,1800,15800,11000,23200,21.98,21.97,21.96,21.95,21.94,12900,300,9200,11100,18200,0,1253512,35142000,0,22.11,0,21.98,35142546,313378,21.85,8320,22.08,,22.06,0,0,000001.SZ,5751566,1464200,20210706,161048039,7323665,22.95,21.25
1418583,0,21.96,21.97,22.0,22.01,22.02,4300,5800,3200,16200,11000,21.95,21.94,21.93,21.92,21.91,8800,18200,5900,3700,21100,0,3192904,35145000,0,22.11,0,21.96,35145544,798226,21.85,8353,22.08,,22.06,0,0,000001.SZ,5764766,1440400,20210706,161454363,7342165,22.95,21.24
1422394,0,21.97,21.98,22.0,22.01,22.02,5300,200,3200,16200,11000,21.95,21.94,21.93,21.92,21.91,7600,18200,5900,3700,21100,0,3225724,35148000,0,22.11,0,21.97,35148535,806431,21.85,8366,22.08,,22.06,0,0,000001.SZ,5759966,1439200,20210706,161665170,7351765,22.95,21.24
1426225,0,21.97,21.98,22.0,22.01,22.02,3400,10200,3200,16800,11000,21.95,21.94,21.93,21.92,21.91,3900,18200,4800,3700,21100,0,2447308,35151000,0,22.11,0,21.95,35151530,611827,21.85,8389,22.08,,22.06,0,0,000001.SZ,5772566,1435400,20210706,161990083,7366565,22.95,21.24
1430025,0,21.95,21.96,21.97,21.98,22.0,200,900,2000,10000,3300,21.94,21.93,21.92,21.91,21.9,11500,4800,3700,21100,29500,0,3523820,35154000,0,22.11,0,21.94,35154527,880955,21.85,8417,22.08,,22.06,0,0,000001.SZ,5775966,1424800,20210706,162246842,7378265,22.95,21.23
1433792,0,21.95,21.96,21.97,21.98,22.0,2000,900,2000,10000,3900,21.94,21.93,21.92,21.91,21.9,10500,4800,3700,21100,28800,0,2492236,35157000,0,22.11,0,21.94,35157524,623059,21.85,8419,22.08,,22.06,0,0,000001.SZ,5787366,1423700,20210706,162295110,7380465,22.95,21.23
1437571,0,21.95,21.96,21.97,21.98,22.0,1800,900,2000,10000,3700,21.94,21.93,21.92,21.91,21.9,10600,4800,3700,21100,28800,0,93200,35160000,0,22.11,0,21.95,35160522,23300,21.85,8421,22.08,,22.06,0,0,000001.SZ,5793366,1425100,20210706,162299500,7380665,22.95,21.23
1441401,0,21.95,21.96,21.97,21.98,22.0,300,900,2000,10000,4700,21.94,21.93,21.92,21.91,21.9,23200,4800,3700,21100,29000,0,2458328,35163000,0,22.11,0,21.95,35163578,614582,21.85,8428,22.08,,22.06,0,0,000001.SZ,5793866,1437400,20210706,162352180,7383065,22.95,21.24
1445310,0,21.98,22.0,22.01,22.02,22.03,8300,4700,16800,11500,23100,21.97,21.96,21.95,21.94,21.93,9000,1100,12200,24200,4800,0,63340,35166000,0,22.11,0,21.98,35166570,15835,21.85,8445,22.08,,22.06,0,0,000001.SZ,5797266,1459300,20210706,162477414,7388765,22.95,21.25
1449299,0,22.01,22.02,22.03,22.04,22.05,4600,11500,23100,6600,10000,22.0,21.99,21.98,21.97,21.96,2800,400,9800,27600,1100,0,18044,35169000,0,22.11,0,22.0,35169568,4511,21.85,8469,22.08,,22.06,0,0,000001.SZ,5772066,1487700,20210706,163051540,7414865,22.95,21.26
1453351,0,22.01,22.02,22.03,22.04,22.05,1200,11000,23100,6600,10000,22.0,21.99,21.98,21.97,21.96,15200,4500,9600,13000,1100,0,3258628,35172000,0,22.11,0,22.0,35172559,814657,21.85,8485,22.08,,22.06,0,0,000001.SZ,5767566,1489600,20210706,163278174,7425165,22.95,21.27
1457258,0,22.03,22.04,22.05,22.06,22.07,3800,6600,8500,25800,16600,22.01,22.0,21.99,21.98,21.97,6400,15200,4500,9600,13100,0,1504276,35175000,0,22.11,0,22.03,35175555,376069,21.85,8540,22.08,,22.06,0,0,000001.SZ,5730566,1503900,20210706,163914649,7454065,22.96,21.27
1461073,0,22.04,22.05,22.06,22.07,22.08,8300,8500,27800,16600,33600,22.03,22.02,22.01,22.0,21.99,500,11900,10500,1400,400,0,3564292,35178000,0,22.11,0,22.03,35178549,891073,21.85,8571,22.08,,22.06,0,0,000001.SZ,5731466,1600500,20210706,164222967,7468065,22.96,21.31
1464944,0,22.04,22.05,22.06,22.07,22.08,200,8500,27800,16600,33600,22.03,22.01,22.0,21.99,21.98,1700,10500,1400,400,9600,0,2957864,35181000,0,22.11,0,22.03,35181545,739466,21.85,8596,22.08,,22.06,0,0,000001.SZ,5724566,1591600,20210706,164698919,7489665,22.96,21.31
1468803,0,22.04,22.05,22.06,22.07,22.08,4300,8800,27800,16600,33600,22.03,22.01,22.0,21.99,21.98,2500,10500,1800,400,9600,0,3801808,35184000,0,22.11,0,22.03,35184541,950452,21.85,8614,22.08,,22.06,0,0,000001.SZ,5730066,1593000,20210706,164842085,7496165,22.96,21.31
1472639,0,22.04,22.05,22.06,22.07,22.08,9900,10300,27700,17200,33600,22.02,22.01,22.0,21.99,21.98,1500,10500,1800,400,12600,0,1892244,35187000,0,22.11,0,22.02,35187538,473061,21.85,8629,22.08,,22.06,0,0,000001.SZ,5738266,1612200,20210706,165040391,7505165,22.96,21.31
1476499,0,22.03,22.04,22.05,22.06,22.07,100,9900,12100,29700,17200,22.02,22.01,22.0,21.99,21.98,1800,11400,1800,400,13100,0,3684792,35190000,0,22.11,0,22.02,35190532,921198,21.85,8636,22.08,,22.06,0,0,000001.SZ,5741466,1621500,20210706,165115264,7508565,22.96,21.31
1480316,0,22.03,22.04,22.05,22.06,22.07,2300,10100,12100,29700,17200,22.02,22.01,22.0,21.99,21.98,2900,11400,800,400,13100,0,3657300,35193000,0,22.11,0,22.02,35193528,914325,21.85,8641,22.08,,22.06,0,0,000001.SZ,5745966,1620800,20210706,165154910,7510365,22.96,21.31
1484164,0,22.03,22.04,22.05,22.06,22.07,1600,10300,12100,29700,17200,22.02,22.01,22.0,21.99,21.98,2000,11400,1000,400,13100,0,919728,35196000,0,22.11,0,22.03,35196525,229932,21.85,8645,22.08,,22.06,0,0,000001.SZ,5748966,1620100,20210706,165192351,7512065,22.96,21.31
1487962,0,22.03,22.04,22.05,22.06,22.07,2700,10400,12100,29700,17200,22.02,22.01,22.0,21.99,21.98,200,11400,1000,400,13100,0,2783588,35199000,0,22.11,0,22.02,35199520,695897,21.85,8653,22.08,,22.06,0,0,000001.SZ,5756666,1617000,20210706,165276047,7515865,22.96,21.31
1491755,0,22.02,22.03,22.04,22.05,22.06,2300,6600,10400,12600,29700,22.01,22.0,21.99,21.98,21.97,11000,1000,400,13100,14100,0,3846284,35202000,0,22.11,0,22.01,35202572,961571,21.85,8659,22.08,,22.06,0,0,000001.SZ,5766066,1621200,20210706,165289255,7516465,22.96,21.31
1495561,0,22.02,22.03,22.04,22.05,22.06,1900,12700,10400,12600,29700,22.01,22.0,21.99,21.98,21.97,11200,1000,400,13100,14100,0,2904176,35205000,0,22.11,0,22.02,35205569,726044,21.85,8667,22.08,,22.06,0,0,000001.SZ,5771366,1621000,20210706,165326688,7518165,22.96,21.31
1499356,0,22.02,22.03,22.04,22.05,22.06,3700,12700,14200,12600,29600,22.01,22.0,21.99,21.98,21.97,7300,1000,400,13100,14100,0,3538676,35208000,0,22.11,0,22.02,35208564,884669,21.85,8682,22.08,,22.06,0,0,000001.SZ,5779966,1617400,20210706,165427941,7522765,22.95,21.31
1503164,0,22.01,22.02,22.03,22.04,22.05,9400,12000,13000,14100,12600,22.0,21.98,21.97,21.96,21.95,1100,14600,14100,15100,36400,0,2552860,35211000,0,22.11,0,22.01,35211560,638215,21.85,8705,22.08,,22.06,0,0,000001.SZ,5798266,1613100,20210706,165700874,7535165,22.95,21.31
