,addrTag,askPrice1,askPrice2,askPrice3,askPrice4,askPrice5,askVolume1,askVolume2,askVolume3,askVolume4,askVolume5,bidPrice1,bidPrice2,bidPrice3,bidPrice4,bidPrice5,bidVolume1,bidVolume2,bidVolume3,bidVolume4,bidVolume5,broker,clock,exchTime,exchTimeUnderMs,high,iopv,last,localTime,localTimeUnderMs,low,numTrades,open,phaseCode,preClosePrice,status,tickerIndex,tickerName,totalAskQty,totalBidQty,tradingDay,turnover,volume,weightedAvgAskPrc,weightedAvgBidPrc
12,0,,,,,,0,0,0,0,0,,,,,,0,0,0,0,0,0,3967312,32112000,0,,0,,32946141,991828,,0,,,6.52,0,0,000016.SZ,0,0,20210706,0,0,,
6036,0,,,,,,0,0,0,0,0,,,,,,0,0,0,0,0,0,15560,33300000,0,,0,,33300522,3890,,0,,,6.52,0,0,000016.SZ,0,0,20210706,0,0,,
6037,0,,,,,,0,0,0,0,0,,,,,,0,0,0,0,0,0,24156,33300000,0,,0,,33300522,6039,,0,,,6.52,0,0,000016.SZ,0,0,20210706,0,0,,
14791,0,6.54,,,,,12000,6700,0,0,0,6.54,,,,,12000,0,0,0,0,0,915404,33309000,0,,0,,33309512,228851,,0,,,6.52,0,0,000016.SZ,0,0,20210706,0,0,,
19196,0,6.54,,,,,12000,8100,0,0,0,6.54,,,,,12000,0,0,0,0,0,476072,33318000,0,,0,,33318550,119018,,0,,,6.52,0,0,000016.SZ,0,0,20210706,0,0,,
21035,0,6.51,,,,,200,700,0,0,0,6.51,,,,,200,0,0,0,0,0,3168012,33327000,0,,0,,33327533,792003,,0,,,6.52,0,0,000016.SZ,0,0,20210706,0,0,,
22369,0,6.51,,,,,200,600,0,0,0,6.51,,,,,200,0,0,0,0,0,855796,33336000,0,,0,,33336535,213949,,0,,,6.52,0,0,000016.SZ,0,0,20210706,0,0,,
24925,0,5.9,,,,,284700,495100,0,0,0,5.9,,,,,284700,0,0,0,0,0,1985560,33354000,0,,0,,33354568,496390,,0,,,6.52,0,0,000016.SZ,0,0,20210706,0,0,,
26297,0,5.9,,,,,304700,475200,0,0,0,5.9,,,,,304700,0,0,0,0,0,1500600,33363000,0,,0,,33363554,375150,,0,,,6.52,0,0,000016.SZ,0,0,20210706,0,0,,
27898,0,5.9,,,,,304900,475000,0,0,0,5.9,,,,,304900,0,0,0,0,0,3201148,33372000,0,,0,,33372539,800287,,0,,,6.52,0,0,000016.SZ,0,0,20210706,0,0,,
29510,0,5.9,,,,,305800,474100,0,0,0,5.9,,,,,305800,0,0,0,0,0,3776224,33381000,0,,0,,33381525,944056,,0,,,6.52,0,0,000016.SZ,0,0,20210706,0,0,,
31181,0,5.9,,,,,361600,418300,0,0,0,5.9,,,,,361600,0,0,0,0,0,3533128,33390000,0,,0,,33390573,883282,,0,,,6.52,0,0,000016.SZ,0,0,20210706,0,0,,
32805,0,5.9,,,,,363300,416700,0,0,0,5.9,,,,,363300,0,0,0,0,0,3035500,33399000,0,,0,,33399559,758875,,0,,,6.52,0,0,000016.SZ,0,0,20210706,0,0,,
34564,0,5.9,,,,,370100,409800,0,0,0,5.9,,,,,370100,0,0,0,0,0,3407292,33408000,0,,0,,33408544,851823,,0,,,6.52,0,0,000016.SZ,0,0,20210706,0,0,,
36299,0,5.9,,,,,382700,397200,0,0,0,5.9,,,,,382700,0,0,0,0,0,730124,33417000,0,,0,,33417531,182531,,0,,,6.52,0,0,000016.SZ,0,0,20210706,0,0,,
38122,0,5.9,,,,,390500,389400,0,0,0,5.9,,,,,390500,0,0,0,0,0,1104540,33426000,0,,0,,33426516,276135,,0,,,6.52,0,0,000016.SZ,0,0,20210706,0,0,,
39994,0,5.9,,,,,376200,403700,0,0,0,5.9,,,,,376200,0,0,0,0,0,231836,33435000,0,,0,,33435564,57959,,0,,,6.52,0,0,000016.SZ,0,0,20210706,0,0,,
41825,0,5.9,,,,,390700,389200,0,0,0,5.9,,,,,390700,0,0,0,0,0,168816,33444000,0,,0,,33444550,42204,,0,,,6.52,0,0,000016.SZ,0,0,20210706,0,0,,
43696,0,5.9,,,,,414800,365100,0,0,0,5.9,,,,,414800,0,0,0,0,0,3527844,33453000,0,,0,,33453535,881961,,0,,,6.52,0,0,000016.SZ,0,0,20210706,0,0,,
45537,0,5.9,,,,,416800,392300,0,0,0,5.9,,,,,416800,0,0,0,0,0,2572400,33462000,0,,0,,33462521,643100,,0,,,6.52,0,0,000016.SZ,0,0,20210706,0,0,,
47419,0,5.9,,,,,440600,368500,0,0,0,5.9,,,,,440600,0,0,0,0,0,430732,33471000,0,,0,,33471569,107683,,0,,,6.52,0,0,000016.SZ,0,0,20210706,0,0,,
49319,0,5.9,,,,,449200,359900,0,0,0,5.9,,,,,449200,0,0,0,0,0,418940,33480000,0,,0,,33480555,104735,,0,,,6.52,0,0,000016.SZ,0,0,20210706,0,0,,
51150,0,5.9,,,,,459500,349600,0,0,0,5.9,,,,,459500,0,0,0,0,0,1941644,33489000,0,,0,,33489540,485411,,0,,,6.52,0,0,000016.SZ,0,0,20210706,0,0,,
53082,0,5.9,,,,,464400,344700,0,0,0,5.9,,,,,464400,0,0,0,0,0,2973684,33498000,0,,0,,33498526,743421,,0,,,6.52,0,0,000016.SZ,0,0,20210706,0,0,,
54997,0,6.43,,,,,30300,0,0,0,0,6.43,,,,,30300,70500,0,0,0,0,2305260,33507000,0,,0,,33507574,576315,,0,,,6.52,0,0,000016.SZ,0,0,20210706,0,0,,
58717,0,6.43,,,,,30300,0,0,0,0,6.43,,,,,30300,80500,0,0,0,0,1053832,33525000,0,,0,,33525546,263458,,0,,,6.52,0,0,000016.SZ,0,0,20210706,0,0,,
62440,0,6.43,,,,,30300,0,0,0,0,6.43,,,,,30300,83200,0,0,0,0,2989240,33543000,0,,0,,33543579,747310,,0,,,6.52,0,0,000016.SZ,0,0,20210706,0,0,,
64314,0,6.43,,,,,30300,0,0,0,0,6.43,,,,,30300,93200,0,0,0,0,1478032,33552000,0,,0,,33552565,369508,,0,,,6.52,0,0,000016.SZ,0,0,20210706,0,0,,
66146,0,6.46,,,,,1100,0,0,0,0,6.46,,,,,1100,6900,0,0,0,0,799956,33561000,0,,0,,33561551,199989,,0,,,6.52,0,0,000016.SZ,0,0,20210706,0,0,,
67948,0,6.46,,,,,1400,0,0,0,0,6.46,,,,,1400,6600,0,0,0,0,2320116,33570000,0,,0,,33570536,580029,,0,,,6.52,0,0,000016.SZ,0,0,20210706,0,0,,
69675,0,6.46,,,,,4000,0,0,0,0,6.46,,,,,4000,4000,0,0,0,0,2337344,33579000,0,,0,,33579522,584336,,0,,,6.52,0,0,000016.SZ,0,0,20210706,0,0,,
75872,0,6.46,,,,,8000,26700,0,0,0,6.46,,,,,8000,0,0,0,0,0,210444,33609000,0,,0,,33609537,52611,,0,,,6.52,0,0,000016.SZ,0,0,20210706,0,0,,
80806,0,6.46,,,,,18300,16400,0,0,0,6.46,,,,,18300,0,0,0,0,0,1515964,33636000,0,,0,,33636556,378991,,0,,,6.52,0,0,000016.SZ,0,0,20210706,0,0,,
82503,0,6.46,,,,,18300,18000,0,0,0,6.46,,,,,18300,0,0,0,0,0,26124,33645000,0,,0,,33645542,6531,,0,,,6.52,0,0,000016.SZ,0,0,20210706,0,0,,
85990,0,6.46,,,,,18300,34000,0,0,0,6.46,,,,,18300,0,0,0,0,0,2935712,33663000,0,,0,,33663575,733928,,0,,,6.52,0,0,000016.SZ,0,0,20210706,0,0,,
87770,0,6.46,,,,,19900,32400,0,0,0,6.46,,,,,19900,0,0,0,0,0,1631956,33672000,0,,0,,33672561,407989,,0,,,6.52,0,0,000016.SZ,0,0,20210706,0,0,,
93168,0,6.46,,,,,20700,31600,0,0,0,6.46,,,,,20700,0,0,0,0,0,2006528,33699000,0,,0,,33699518,501632,,0,,,6.52,0,0,000016.SZ,0,0,20210706,0,0,,
96976,0,6.46,,,,,30700,21600,0,0,0,6.46,,,,,30700,0,0,0,0,0,688404,33717000,0,,0,,33717552,172101,,0,,,6.52,0,0,000016.SZ,0,0,20210706,0,0,,
98946,0,6.46,,,,,38900,17600,0,0,0,6.46,,,,,38900,0,0,0,0,0,2098276,33726000,0,,0,,33726537,524569,,0,,,6.52,0,0,000016.SZ,0,0,20210706,0,0,,
102935,0,6.46,,,,,38900,19000,0,0,0,6.46,,,,,38900,0,0,0,0,0,3632892,33744000,0,,0,,33744570,908223,,0,,,6.52,0,0,000016.SZ,0,0,20210706,0,0,,
107231,0,6.46,,,,,39800,18100,0,0,0,6.46,,,,,39800,0,0,0,0,0,1149136,33762000,0,,0,,33762542,287284,,0,,,6.52,0,0,000016.SZ,0,0,20210706,0,0,,
109435,0,6.46,,,,,58900,0,0,0,0,6.46,,,,,58900,10900,0,0,0,0,1440076,33771000,0,,0,,33771528,360019,,0,,,6.52,0,0,000016.SZ,0,0,20210706,0,0,,
114044,0,6.46,,,,,58900,0,0,0,0,6.46,,,,,58900,11400,0,0,0,0,88576,33789000,0,,0,,33789562,22144,,0,,,6.52,0,0,000016.SZ,0,0,20210706,0,0,,
116416,0,6.46,,,,,58900,0,0,0,0,6.46,,,,,58900,11900,0,0,0,0,3115320,33798000,0,,0,,33798547,778830,,0,,,6.52,0,0,000016.SZ,0,0,20210706,0,0,,
124041,0,6.46,,,,,58900,0,0,0,0,6.46,,,,,58900,12900,0,0,0,0,2389708,33825000,0,,0,,33825566,597427,,0,,,6.52,0,0,000016.SZ,0,0,20210706,0,0,,
126768,0,6.46,,,,,58900,0,0,0,0,6.46,,,,,58900,13400,0,0,0,0,3660004,33834000,0,,0,,33834552,915001,,0,,,6.52,0,0,000016.SZ,0,0,20210706,0,0,,
129571,0,6.46,,,,,58900,0,0,0,0,6.46,,,,,58900,14500,0,0,0,0,515880,33843000,0,,0,,33843538,128970,,0,,,6.52,0,0,000016.SZ,0,0,20210706,0,0,,
132737,0,6.46,,,,,58900,0,0,0,0,6.46,,,,,58900,19500,0,0,0,0,2554260,33852000,0,,0,,33852524,638565,,0,,,6.52,0,0,000016.SZ,0,0,20210706,0,0,,
136506,0,6.46,,,,,62600,0,0,0,0,6.46,,,,,62600,22400,0,0,0,0,2927416,33861000,0,,0,,33861572,731854,,0,,,6.52,0,0,000016.SZ,0,0,20210706,0,0,,
140446,0,6.46,,,,,62600,0,0,0,0,6.46,,,,,62600,26700,0,0,0,0,413704,33870000,0,,0,,33870558,103426,,0,,,6.52,0,0,000016.SZ,0,0,20210706,0,0,,
144473,0,6.47,,,,,62600,0,0,0,0,6.47,,,,,62600,12400,0,0,0,0,2898756,33879000,0,,0,,33879543,724689,,0,,,6.52,0,0,000016.SZ,0,0,20210706,0,0,,
148848,0,6.5,,,,,69900,7700,0,0,0,6.5,,,,,69900,0,0,0,0,0,2776348,33888000,0,,0,,33888529,694087,,0,,,6.52,0,0,000016.SZ,0,0,20210706,0,0,,
153570,0,6.5,,,,,69900,11700,0,0,0,6.5,,,,,69900,0,0,0,0,0,3006768,33897000,0,,0,,33897577,751692,,0,,,6.52,0,0,000016.SZ,0,0,20210706,0,0,,
155751,0,6.54,6.55,6.56,6.57,6.58,36800,24800,4200,8200,38100,6.53,6.52,6.5,6.49,6.48,46300,1200,11300,1000,11600,0,239316,33900000,0,6.54,0,6.54,33900581,59829,6.54,52,6.54,,6.52,0,0,000016.SZ,1712300,850400,20210706,831234,127100,6.9,6.23
155752,0,6.54,6.55,6.56,6.57,6.58,36800,24800,4200,8200,38100,6.53,6.52,6.5,6.49,6.48,46300,1200,11300,1000,11600,0,257324,33900000,0,6.54,0,6.54,33900581,64331,6.54,52,6.54,,6.52,0,0,000016.SZ,1712300,850400,20210706,831234,127100,6.9,6.23
168556,0,6.53,6.54,6.55,6.56,6.57,8500,32500,44100,4200,8200,6.52,6.5,6.49,6.48,6.47,1200,12300,10800,41600,17300,0,3513392,34200000,0,6.54,0,6.53,34200544,878348,6.53,60,6.54,,6.52,0,0,000016.SZ,1761500,842900,20210706,1177382,180100,6.9,6.23
168557,0,6.53,6.54,6.55,6.56,6.57,8500,32500,44100,4200,8200,6.52,6.5,6.49,6.48,6.47,1200,12300,10800,41600,17300,0,3531188,34200000,0,6.54,0,6.53,34200544,882797,6.53,60,6.54,,6.52,0,0,000016.SZ,1761500,842900,20210706,1177382,180100,6.9,6.23
172985,0,6.51,6.52,6.53,6.54,6.55,20000,5700,30200,70500,36400,6.5,6.49,6.48,6.47,6.46,72400,62600,92500,15300,45100,0,2830492,34203000,0,6.54,0,6.52,34203655,707623,6.52,73,6.54,,6.52,0,0,000016.SZ,2732800,1078500,20210706,1225019,187400,6.87,6.28
177845,0,6.54,6.55,6.56,6.57,6.58,73100,37400,21200,98600,28600,6.53,6.51,6.5,6.49,6.48,1200,17100,74300,62600,92700,0,3463796,34206000,0,6.54,0,6.53,34206590,865949,6.51,119,6.54,,6.52,0,0,000016.SZ,2762800,1107500,20210706,1717082,262800,6.86,6.28
182648,0,6.53,6.54,6.55,6.56,6.57,9900,66600,37400,21200,99600,6.51,6.5,6.49,6.48,6.47,13800,75100,62600,92700,15300,0,2449444,34209000,0,6.54,0,6.53,34209584,612361,6.51,132,6.54,,6.52,0,0,000016.SZ,2797200,1103300,20210706,2043647,312800,6.86,6.28
187120,0,6.53,6.54,6.55,6.56,6.57,69200,66600,37400,21200,99600,6.52,6.51,6.5,6.49,6.48,13100,13700,75100,65700,92700,0,2726044,34212000,0,6.54,0,6.53,34212578,681511,6.51,133,6.54,,6.52,0,0,000016.SZ,2884300,1121400,20210706,2046259,313200,6.85,6.29
191826,0,6.53,6.54,6.55,6.56,6.57,72200,72000,37400,21200,101900,6.52,6.51,6.5,6.49,6.48,22400,13600,75100,65700,92700,0,3929768,34215000,0,6.54,0,6.52,34215571,982442,6.51,136,6.54,,6.52,0,0,000016.SZ,2894500,1134600,20210706,2049522,313700,6.85,6.29
195496,0,6.52,6.53,6.54,6.55,6.56,7000,72300,72000,37400,21200,6.51,6.5,6.49,6.48,6.47,13600,75100,65700,92700,23300,0,2300336,34218000,0,6.54,0,6.52,34218568,575084,6.51,139,6.54,,6.52,0,0,000016.SZ,2913600,1122800,20210706,2133630,326600,6.85,6.28
199316,0,6.52,6.53,6.54,6.55,6.56,7500,74200,72000,37600,21200,6.51,6.5,6.49,6.48,6.47,16000,75100,65700,92700,23300,0,3767772,34221000,0,6.54,0,6.52,34221565,941943,6.51,142,6.54,,6.52,0,0,000016.SZ,2916500,1090200,20210706,2136238,327000,6.85,6.3
203686,0,6.52,6.53,6.54,6.55,6.56,7400,84200,72000,42600,22800,6.51,6.5,6.49,6.48,6.47,15000,75100,65700,92700,23300,0,408236,34224000,0,6.54,0,6.51,34224561,102059,6.51,146,6.54,,6.52,0,0,000016.SZ,2943000,1089200,20210706,2143400,328100,6.85,6.3
208084,0,6.51,6.52,6.53,6.54,6.55,5200,19400,84200,72000,42600,6.5,6.49,6.48,6.47,6.46,75100,65700,92700,23300,55100,0,3701808,34227000,0,6.54,0,6.51,34227555,925452,6.51,159,6.54,,6.52,0,0,000016.SZ,2933200,1074200,20210706,2243003,343400,6.84,6.3
211738,0,6.51,6.52,6.53,6.54,6.55,2600,19400,84700,71500,42600,6.5,6.49,6.48,6.47,6.46,77500,65700,92700,23300,55100,0,200788,34230000,0,6.54,0,6.51,34230551,50197,6.5,174,6.54,,6.52,0,0,000016.SZ,2879500,1077900,20210706,2265786,346900,6.85,6.3
216167,0,6.52,6.53,6.54,6.55,6.56,20300,84700,71500,42600,15400,6.51,6.5,6.49,6.48,6.47,6000,43600,62600,92700,23300,0,3261960,34233000,0,6.54,0,6.5,34233551,815490,6.5,187,6.54,,6.52,0,0,000016.SZ,2871900,1045900,20210706,2582484,395600,6.85,6.29
219969,0,6.53,6.54,6.55,6.56,6.57,84700,71500,42600,15400,100900,6.52,6.51,6.5,6.49,6.48,12200,7100,43600,62600,92700,0,304068,34236000,0,6.54,0,6.52,34236544,76017,6.5,197,6.54,,6.52,0,0,000016.SZ,2853100,1059200,20210706,2723316,417200,6.85,6.29
224135,0,6.53,6.54,6.55,6.56,6.57,84700,71500,42600,15400,100900,6.52,6.51,6.5,6.49,6.48,6100,8300,43600,62600,92700,0,3549724,34239000,0,6.54,0,6.52,34239538,887431,6.5,201,6.54,,6.52,0,0,000016.SZ,2868100,1057300,20210706,2763088,423300,6.85,6.29
228601,0,6.53,6.54,6.55,6.56,6.57,84600,71500,42600,15400,100900,6.52,6.51,6.5,6.49,6.48,5900,8300,43600,62600,92700,0,2913536,34242000,0,6.54,0,6.53,34242532,728384,6.5,204,6.54,,6.52,0,0,000016.SZ,2867500,1057100,20210706,2765697,423700,6.85,6.29
232683,0,6.52,6.53,6.54,6.55,6.56,6500,74000,61500,42600,15400,6.51,6.5,6.49,6.48,6.47,9600,43600,62600,92700,23300,0,87496,34245000,0,6.54,0,6.52,34245529,21874,6.5,213,6.54,,6.52,0,0,000016.SZ,2861300,1052500,20210706,2804818,429700,6.85,6.29
237134,0,6.52,6.53,6.54,6.55,6.56,6200,74000,80819,42600,17500,6.51,6.5,6.49,6.48,6.47,8800,43600,62600,92700,23300,0,396152,34248000,0,6.54,0,6.52,34248582,99038,6.5,216,6.54,,6.52,0,0,000016.SZ,2901719,1051200,20210706,2808076,430200,6.85,6.29
241290,0,6.52,6.53,6.54,6.55,6.56,11200,74600,80819,18300,17500,6.51,6.5,6.49,6.48,6.47,6200,43600,62600,92700,23300,0,2279924,34251000,0,6.54,0,6.51,34251577,569981,6.5,217,6.54,,6.52,0,0,000016.SZ,2889819,1050200,20210706,2821747,432300,6.85,6.29
245402,0,6.52,6.53,6.54,6.55,6.56,62000,77000,80819,18300,17500,6.51,6.5,6.49,6.48,6.47,6100,43600,62600,92700,23300,0,1668756,34254000,0,6.54,0,6.51,34254572,417189,6.5,218,6.54,,6.52,0,0,000016.SZ,2968719,1053500,20210706,2822398,432400,6.84,6.29
249487,0,6.52,6.53,6.54,6.55,6.56,62000,77000,80819,18300,27500,6.51,6.5,6.49,6.48,6.47,6200,43600,62600,92700,23300,0,516940,34257000,0,6.54,0,6.51,34257569,129235,6.5,219,6.54,,6.52,0,0,000016.SZ,3006119,1053600,20210706,2823700,432600,6.84,6.29
253601,0,6.52,6.53,6.54,6.55,6.56,62000,77000,80819,18300,27500,6.51,6.5,6.49,6.48,6.47,4400,43600,62600,92700,23300,0,3753288,34260000,0,6.54,0,6.51,34260564,938322,6.5,220,6.54,,6.52,0,0,000016.SZ,3014019,1051300,20210706,2828257,433300,6.84,6.29
257742,0,6.51,6.52,6.53,6.54,6.55,17400,62000,47000,80819,18300,6.5,6.49,6.48,6.47,6.46,43600,62600,92700,23300,55100,0,2309372,34263000,0,6.54,0,6.51,34263562,577343,6.5,229,6.54,,6.52,0,0,000016.SZ,2995219,1049900,20210706,2856901,437700,6.84,6.29
261871,0,6.51,6.52,6.53,6.54,6.55,35300,62000,47000,80819,18300,6.5,6.49,6.48,6.47,6.46,44000,62600,92700,23300,55100,0,1705636,34266000,0,6.54,0,6.51,34266556,426409,6.5,230,6.54,,6.52,0,0,000016.SZ,3013119,1050300,20210706,2879035,441100,6.84,6.29
270164,0,6.51,6.52,6.53,6.54,6.55,35300,62000,47000,81819,18300,6.5,6.49,6.48,6.47,6.46,43400,62600,92700,23300,55100,0,3060392,34272000,0,6.54,0,6.5,34272546,765098,6.5,231,6.54,,6.52,0,0,000016.SZ,3014119,1044200,20210706,2884885,442000,6.84,6.29
274328,0,6.51,6.52,6.53,6.54,6.55,37900,53700,47000,81819,18300,6.5,6.49,6.48,6.47,6.46,43400,62600,92700,23300,55100,0,89628,34275000,0,6.54,0,6.5,34275543,22407,6.5,231,6.54,,6.52,0,0,000016.SZ,3052119,1044800,20210706,2884885,442000,6.84,6.29
278502,0,6.51,6.52,6.53,6.54,6.55,37900,22900,47000,81819,18300,6.5,6.49,6.48,6.47,6.46,40400,62600,92700,23300,55100,0,296224,34278000,0,6.54,0,6.5,34278537,74056,6.5,232,6.54,,6.52,0,0,000016.SZ,3017019,1042200,20210706,2904385,445000,6.84,6.29
282642,0,6.5,6.51,6.52,6.53,6.54,14000,26300,28800,47000,81819,6.49,6.48,6.47,6.46,6.45,66100,92700,23300,55100,48100,0,2663852,34281000,0,6.54,0,6.5,34281536,665963,6.5,261,6.54,,6.52,0,0,000016.SZ,3022919,1005300,20210706,3481701,533800,6.84,6.28
286758,0,6.5,6.51,6.52,6.53,6.54,1300,26300,28800,48600,81819,6.49,6.48,6.47,6.46,6.45,66100,92700,23300,55100,48100,0,489840,34284000,0,6.54,0,6.5,34284532,122460,6.5,267,6.54,,6.52,0,0,000016.SZ,3016719,1007300,20210706,3566851,546900,6.84,6.28
290917,0,6.51,6.52,6.53,6.54,6.55,22800,28800,58600,81819,18300,6.5,6.49,6.48,6.47,6.46,6300,67600,92700,23300,55400,0,2630024,34287000,0,6.54,0,6.51,34287583,657506,6.5,280,6.54,,6.52,0,0,000016.SZ,3035419,1015400,20210706,3813886,584900,6.84,6.29
295012,0,6.52,6.53,6.54,6.55,6.56,28800,58600,81819,18300,20400,6.51,6.5,6.49,6.48,6.47,10100,11700,68600,93100,23300,0,2311136,34290000,0,6.54,0,6.5,34290582,577784,6.5,295,6.54,,6.52,0,0,000016.SZ,3014719,1025800,20210706,4364128,669500,6.84,6.29
299132,0,6.52,6.53,6.54,6.55,6.56,28800,58600,81819,18300,20400,6.51,6.5,6.49,6.48,6.47,21900,14500,68600,93100,23300,0,1172880,34293000,0,6.54,0,6.5,34293573,293220,6.5,295,6.54,,6.52,0,0,000016.SZ,3014719,1040400,20210706,4364128,669500,6.84,6.3
3443,0,6.52,6.53,6.54,6.55,6.56,28800,58600,81819,18300,20400,6.51,6.5,6.49,6.48,6.47,30100,14500,68600,93100,23300,0,1781452,34296000,0,6.54,0,6.51,34296569,445363,6.5,300,6.54,,6.52,0,0,000016.SZ,3014719,1048700,20210706,4506046,691300,6.84,6.3
7531,0,6.52,6.53,6.54,6.55,6.56,23900,58600,81819,18300,20400,6.51,6.5,6.49,6.48,6.47,21300,6500,68600,93100,23300,0,1211732,34299000,0,6.54,0,6.51,34299565,302933,6.5,321,6.54,,6.52,0,0,000016.SZ,3018019,1031900,20210706,4563334,700100,6.84,6.3
11612,0,6.52,6.53,6.54,6.55,6.56,23900,58600,81819,18300,20400,6.51,6.5,6.49,6.48,6.47,9700,7800,68600,93100,23300,0,3612436,34302000,0,6.54,0,6.51,34302561,903109,6.5,325,6.54,,6.52,0,0,000016.SZ,3019019,1023100,20210706,4672702,716900,6.84,6.29
15683,0,6.52,6.53,6.54,6.55,6.56,25100,58600,81819,18300,20400,6.51,6.5,6.49,6.48,6.47,5800,7800,68600,93100,23300,0,207836,34305000,0,6.54,0,6.51,34305557,51959,6.5,329,6.54,,6.52,0,0,000016.SZ,3046119,1019200,20210706,4698091,720800,6.84,6.29
19786,0,6.52,6.53,6.54,6.55,6.56,25100,58600,81819,18300,20400,6.51,6.5,6.49,6.48,6.47,5400,10900,68600,95200,26900,0,3838756,34308000,0,6.54,0,6.51,34308552,959689,6.5,331,6.54,,6.52,0,0,000016.SZ,3047519,1030000,20210706,4700695,721200,6.84,6.29
23866,0,6.51,6.52,6.53,6.54,6.55,2500,28100,58600,83819,18300,6.5,6.49,6.48,6.47,6.46,10900,68600,95200,26900,60000,0,3707696,34311000,0,6.54,0,6.51,34311550,926924,6.5,336,6.54,,6.52,0,0,000016.SZ,3055019,1024600,20210706,4769050,731700,6.84,6.29
27924,0,6.5,6.51,6.52,6.53,6.54,29700,7900,28100,58200,83819,6.49,6.48,6.47,6.46,6.45,69500,95200,26900,60000,48200,0,3263324,34314000,0,6.54,0,6.5,34314549,815831,6.5,350,6.54,,6.52,0,0,000016.SZ,3089719,1014600,20210706,4847050,743700,6.84,6.29
32030,0,6.5,6.51,6.52,6.53,6.54,29700,9900,28100,58200,83819,6.49,6.48,6.47,6.46,6.45,50400,95200,26900,60000,48200,0,970300,34317000,0,6.54,0,6.49,34317597,242575,6.49,354,6.54,,6.52,0,0,000016.SZ,3091719,990500,20210706,4973605,763200,6.84,6.29
36101,0,6.5,6.51,6.52,6.53,6.54,29700,10200,28100,58200,83819,6.49,6.48,6.47,6.46,6.45,50400,95200,26900,60000,48200,0,3800036,34320000,0,6.54,0,6.49,34320592,950009,6.49,354,6.54,,6.52,0,0,000016.SZ,3097271,990500,20210706,4973605,763200,6.84,6.29
40165,0,6.5,6.51,6.52,6.53,6.54,12000,10200,28100,58200,83819,6.49,6.48,6.47,6.46,6.45,15900,95200,26900,60000,48200,0,1980544,34323000,0,6.54,0,6.5,34323595,495136,6.49,376,6.54,,6.52,0,0,000016.SZ,3086771,957100,20210706,5544253,851100,6.84,6.28
44272,0,6.49,6.5,6.51,6.52,6.53,21900,10800,10200,28100,58200,6.48,6.47,6.46,6.45,6.44,95200,26900,60000,48200,16500,0,362592,34326000,0,6.54,0,6.49,34326586,90648,6.49,390,6.54,,6.52,0,0,000016.SZ,3108571,940200,20210706,5754572,883500,6.84,6.28
48370,0,6.49,6.5,6.51,6.52,6.53,15300,10800,10200,28100,58200,6.48,6.47,6.46,6.45,6.44,124500,26900,60000,48200,16500,0,3590552,34329000,0,6.54,0,6.49,34329580,897638,6.49,396,6.54,,6.52,0,0,000016.SZ,3102971,971600,20210706,5801949,890800,6.84,6.28
52473,0,6.5,6.51,6.52,6.53,6.54,10800,10200,28100,58200,83819,6.49,6.48,6.47,6.46,6.45,1300,147200,26900,60000,48200,0,1235136,34332000,0,6.54,0,6.49,34332575,308784,6.49,403,6.54,,6.52,0,0,000016.SZ,3087671,995600,20210706,5901246,906100,6.84,6.29
56594,0,6.5,6.51,6.52,6.53,6.54,10300,10200,28100,58200,83819,6.49,6.48,6.47,6.46,6.45,23900,147200,26900,60000,48200,0,1835716,34335000,0,6.54,0,6.49,34335570,458929,6.49,407,6.54,,6.52,0,0,000016.SZ,3096671,1018200,20210706,5910986,907600,6.84,6.29
60658,0,6.5,6.51,6.52,6.53,6.54,1100,10200,28100,58200,83819,6.49,6.48,6.47,6.46,6.45,28500,147200,23300,60000,48200,0,1147380,34338000,0,6.54,0,6.5,34338565,286845,6.49,422,6.54,,6.52,0,0,000016.SZ,3097271,1019200,20210706,5994150,920400,6.84,6.29
64722,0,6.5,6.51,6.52,6.53,6.54,15100,10200,39100,58200,83819,6.49,6.48,6.47,6.46,6.45,28500,147200,23300,60000,48200,0,1574288,34341000,0,6.54,0,6.5,34341561,393572,6.49,422,6.54,,6.52,0,0,000016.SZ,3122271,1019200,20210706,5994150,920400,6.84,6.29
68802,0,6.5,6.51,6.52,6.53,6.54,15100,10200,39100,58200,83819,6.49,6.48,6.47,6.46,6.45,28500,147200,23300,60000,48200,0,3512632,34344000,0,6.54,0,6.5,34344556,878158,6.49,422,6.54,,6.52,0,0,000016.SZ,3125471,1022200,20210706,5994150,920400,6.84,6.29
72900,0,6.5,6.51,6.52,6.53,6.54,1700,10200,39100,57700,81819,6.49,6.48,6.47,6.46,6.45,9700,110500,23300,60000,48200,0,2447124,34347000,0,6.54,0,6.48,34347553,611781,6.48,444,6.54,,6.52,0,0,000016.SZ,3109571,965600,20210706,6574758,1009800,6.84,6.28
76990,0,6.51,6.52,6.53,6.54,6.55,10200,39100,57700,81819,13300,6.5,6.49,6.48,6.47,6.46,1800,31900,110500,23300,60000,0,3769452,34350000,0,6.54,0,6.5,34350548,942363,6.48,448,6.54,,6.52,0,0,000016.SZ,3102071,991600,20210706,6585808,1011500,6.84,6.29
81070,0,6.51,6.52,6.53,6.54,6.55,10200,39100,57700,76819,13300,6.5,6.49,6.48,6.47,6.46,1800,34900,110500,23300,60000,0,696336,34353000,0,6.54,0,6.5,34353543,174084,6.48,448,6.54,,6.52,0,0,000016.SZ,3100071,995700,20210706,6585808,1011500,6.84,6.29
85161,0,6.5,6.51,6.52,6.53,6.54,4500,10200,39100,57700,59619,6.49,6.48,6.47,6.46,6.45,36900,110500,23300,60000,48200,0,2650916,34356000,0,6.54,0,6.5,34356538,662729,6.48,451,6.54,,6.52,0,0,000016.SZ,3090971,995900,20210706,6597508,1013300,6.84,6.29
89200,0,6.5,6.51,6.52,6.53,6.54,700,11200,39100,57700,59619,6.49,6.48,6.47,6.46,6.45,36900,110500,23300,60000,48200,0,1595956,34359000,0,6.54,0,6.5,34359535,398989,6.48,459,6.54,,6.52,0,0,000016.SZ,3091771,995900,20210706,6622208,1017100,6.84,6.29
97284,0,6.51,6.52,6.53,6.54,6.55,11200,39100,57700,59619,13300,6.5,6.49,6.48,6.47,6.46,5100,34700,110500,21300,60000,0,3675376,34365000,0,6.54,0,6.5,34365582,918844,6.48,461,6.54,,6.52,0,0,000016.SZ,3097671,1001800,20210706,6641036,1020000,6.84,6.29
101288,0,6.51,6.52,6.53,6.54,6.55,11200,39100,61100,59619,13300,6.5,6.49,6.48,6.47,6.46,1000,34700,110500,22000,60000,0,1691940,34368000,0,6.54,0,6.5,34368581,422985,6.48,464,6.54,,6.52,0,0,000016.SZ,3101071,1001400,20210706,6706036,1030000,6.84,6.29
105310,0,6.5,6.51,6.52,6.53,6.54,1100,11200,39100,66100,59619,6.49,6.48,6.47,6.46,6.45,35700,110500,22000,60000,53200,0,2435668,34371000,0,6.54,0,6.5,34371574,608917,6.48,478,6.54,,6.52,0,0,000016.SZ,3107171,1000300,20210706,6736586,1034700,6.84,6.29
109361,0,6.5,6.51,6.52,6.53,6.54,1300,11200,39100,66100,59619,6.49,6.48,6.47,6.46,6.45,35700,110500,22000,60000,53200,0,483240,34374000,0,6.54,0,6.5,34374570,120810,6.48,478,6.54,,6.52,0,0,000016.SZ,3107371,999200,20210706,6736586,1034700,6.84,6.29
113386,0,6.51,6.52,6.53,6.54,6.55,11200,39100,66100,59619,13300,6.49,6.48,6.47,6.46,6.45,34200,110900,52000,60000,53200,0,247636,34377000,0,6.54,0,6.49,34377565,61909,6.48,485,6.54,,6.52,0,0,000016.SZ,3107371,1028100,20210706,6756069,1037700,6.84,6.3
117437,0,6.51,6.52,6.53,6.54,6.55,11100,39100,66100,59619,13300,6.5,6.49,6.48,6.47,6.46,5900,31200,110900,52000,60000,0,1949208,34380000,0,6.54,0,6.49,34380560,487302,6.48,488,6.54,,6.52,0,0,000016.SZ,3109871,1031000,20210706,6789190,1042800,6.84,6.3
121492,0,6.51,6.52,6.53,6.54,6.55,11100,39100,66100,59619,13300,6.5,6.49,6.48,6.47,6.46,3000,31200,110900,52000,60000,0,1548096,34383000,0,6.54,0,6.5,34383558,387024,6.48,490,6.54,,6.52,0,0,000016.SZ,3108271,1028100,20210706,6827540,1048700,6.84,6.3
125597,0,6.51,6.52,6.53,6.54,6.55,10800,39100,66100,59619,13300,6.5,6.49,6.48,6.47,6.46,7700,31700,110900,52000,60000,0,3049268,34386000,0,6.54,0,6.51,34386551,762317,6.48,492,6.54,,6.52,0,0,000016.SZ,3107971,1033300,20210706,6830143,1049100,6.84,6.3
129662,0,6.51,6.52,6.53,6.54,6.55,5400,39100,66100,59619,13300,6.5,6.49,6.48,6.47,6.46,2900,31700,110900,57000,60000,0,1662236,34389000,0,6.54,0,6.5,34389547,415559,6.48,500,6.54,,6.52,0,0,000016.SZ,3102571,1033500,20210706,6888643,1058100,6.84,6.3
133701,0,6.51,6.52,6.53,6.54,6.55,5400,39100,66100,59619,13300,6.5,6.49,6.48,6.47,6.46,7600,31700,110900,57000,60000,0,3873752,34392000,0,6.54,0,6.5,34392542,968438,6.48,500,6.54,,6.52,0,0,000016.SZ,3102571,1038200,20210706,6888643,1058100,6.84,6.3
137781,0,6.51,6.52,6.53,6.54,6.55,5300,39100,66100,59619,13300,6.5,6.49,6.48,6.47,6.46,7600,31700,110900,57000,60000,0,3787508,34395000,0,6.54,0,6.51,34395538,946877,6.48,501,6.54,,6.52,0,0,000016.SZ,3102471,1037200,20210706,6889294,1058200,6.84,6.3
141839,0,6.51,6.52,6.53,6.54,6.55,5300,39100,66100,59619,13300,6.5,6.49,6.48,6.47,6.46,1800,31700,110900,57000,60000,0,1712160,34398000,0,6.54,0,6.5,34398533,428040,6.48,509,6.54,,6.52,0,0,000016.SZ,3102471,1030600,20210706,6926994,1064000,6.84,6.3
145929,0,6.5,6.51,6.52,6.53,6.54,1100,5300,39100,66100,54619,6.49,6.48,6.47,6.46,6.45,36900,110900,57000,56900,53700,0,2283312,34401000,0,6.54,0,6.5,34401595,570828,6.48,515,6.54,,6.52,0,0,000016.SZ,3146571,1030900,20210706,6969244,1070500,6.84,6.3
150006,0,6.5,6.51,6.52,6.53,6.54,1000,5300,27400,66100,54619,6.49,6.48,6.47,6.46,6.45,36900,110900,57000,56900,53700,0,3494152,34404000,0,6.54,0,6.5,34404525,873538,6.48,516,6.54,,6.52,0,0,000016.SZ,3145571,1032900,20210706,6969894,1070600,6.84,6.3
154067,0,6.51,6.52,6.53,6.54,6.55,5300,27400,66100,54619,58800,6.5,6.49,6.48,6.47,6.46,47500,36900,110900,57000,56900,0,3218852,34407000,0,6.54,0,6.5,34407518,804713,6.48,520,6.54,,6.52,0,0,000016.SZ,3144071,1079900,20210706,6989394,1073600,6.84,6.31
158122,0,6.51,6.52,6.53,6.54,6.55,5300,27400,66100,53119,58800,6.5,6.49,6.48,6.47,6.46,52900,36900,113900,57000,56900,0,1385788,34410000,0,6.54,0,6.5,34410575,346447,6.48,521,6.54,,6.52,0,0,000016.SZ,3145771,1083700,20210706,7008894,1076600,6.84,6.31
162144,0,6.51,6.52,6.53,6.54,6.55,5300,27400,66100,53119,58800,6.5,6.49,6.48,6.47,6.46,51600,36700,113900,57000,56900,0,216384,34413000,0,6.54,0,6.5,34413570,54096,6.48,523,6.54,,6.52,0,0,000016.SZ,3145771,1082200,20210706,7018644,1078100,6.84,6.31
166146,0,6.51,6.52,6.53,6.54,6.55,8400,27400,66100,53119,58800,6.5,6.49,6.48,6.47,6.46,41700,36700,113900,57000,56900,0,1604308,34416000,0,6.54,0,6.5,34416567,401077,6.48,526,6.54,,6.52,0,0,000016.SZ,3150871,1072300,20210706,7077813,1087200,6.84,6.31
170136,0,6.51,6.52,6.53,6.54,6.55,5700,30600,66100,53119,58800,6.5,6.49,6.48,6.47,6.46,5400,36700,113900,57000,56900,0,2960688,34419000,0,6.54,0,6.51,34419563,740172,6.48,536,6.54,,6.52,0,0,000016.SZ,3151371,1034500,20210706,7366440,1131600,6.84,6.3
174147,0,6.5,6.51,6.52,6.53,6.54,65200,5700,30600,66100,53119,6.49,6.48,6.47,6.46,6.45,36700,113900,57000,56900,53700,0,2257168,34422000,0,6.54,0,6.5,34422558,564292,6.48,538,6.54,,6.52,0,0,000016.SZ,3210671,1015400,20210706,7404140,1137400,6.83,6.3
178138,0,6.5,6.51,6.52,6.53,6.54,64300,5700,30600,66100,53119,6.49,6.48,6.47,6.46,6.45,36700,113900,57000,56900,53700,0,2589296,34425000,0,6.54,0,6.5,34425552,647324,6.48,539,6.54,,6.52,0,0,000016.SZ,3245671,1015400,20210706,7409990,1138300,6.83,6.3
182168,0,6.5,6.51,6.52,6.53,6.54,55400,5700,30600,66100,53119,6.49,6.48,6.47,6.46,6.45,34200,113900,57000,56900,53700,0,1850720,34428000,0,6.54,0,6.49,34428547,462680,6.48,541,6.54,,6.52,0,0,000016.SZ,3236771,1007900,20210706,7481480,1149300,6.83,6.3
186179,0,6.5,6.51,6.52,6.53,6.54,55400,5700,30600,66100,53119,6.49,6.48,6.47,6.46,6.45,34200,113900,57000,56900,53700,0,3662260,34431000,0,6.54,0,6.49,34431541,915565,6.48,541,6.54,,6.52,0,0,000016.SZ,3238271,1007900,20210706,7481480,1149300,6.83,6.3
190195,0,6.5,6.51,6.52,6.53,6.54,55300,6500,30600,66100,53119,6.49,6.48,6.47,6.46,6.45,7200,113900,57000,56900,53700,0,410524,34434000,0,6.54,0,6.49,34434538,102631,6.48,554,6.54,,6.52,0,0,000016.SZ,3238971,980900,20210706,7787160,1196400,6.83,6.3
194217,0,6.49,6.5,6.51,6.52,6.53,8500,63500,6500,30600,66100,6.48,6.47,6.46,6.45,6.44,113900,57000,56900,53700,17900,0,2338216,34437000,0,6.54,0,6.49,34437532,584554,6.48,555,6.54,,6.52,0,0,000016.SZ,3257971,972100,20210706,7833888,1203600,6.83,6.3
198226,0,6.49,6.5,6.51,6.52,6.53,13300,63500,6500,30600,66100,6.48,6.47,6.46,6.45,6.44,129400,57000,56900,53700,17900,0,1633352,34440000,0,6.54,0,6.49,34440528,408338,6.48,557,6.54,,6.52,0,0,000016.SZ,3262771,987900,20210706,7836484,1204000,6.83,6.3
202302,0,6.49,6.5,6.51,6.52,6.53,1900,63500,6500,30600,66100,6.48,6.47,6.46,6.45,6.44,138000,57000,56900,53700,17900,0,2845708,34443000,0,6.54,0,6.49,34443585,711427,6.48,572,6.54,,6.52,0,0,000016.SZ,3250771,996500,20210706,7910470,1215400,6.83,6.3
206357,0,6.5,6.51,6.52,6.53,6.54,63500,6500,30600,66100,53119,6.49,6.48,6.47,6.46,6.45,8800,139000,57000,56900,53700,0,3195440,34446000,0,6.54,0,6.49,34446579,798860,6.48,575,6.54,,6.52,0,0,000016.SZ,3255871,1006300,20210706,7922801,1217300,6.83,6.3
210435,0,6.5,6.51,6.52,6.53,6.54,63000,6500,30600,66100,53119,6.49,6.48,6.47,6.46,6.45,11900,134500,57000,56900,53700,0,619120,34449000,0,6.54,0,6.5,34449574,154780,6.48,578,6.54,,6.52,0,0,000016.SZ,3259371,1004900,20210706,7983163,1226600,6.83,6.3
214488,0,6.5,6.51,6.52,6.53,6.54,62900,6500,30600,66100,53119,6.49,6.48,6.47,6.46,6.45,2000,134500,57000,57900,53700,0,2522216,34452000,0,6.54,0,6.5,34452569,630554,6.48,579,6.54,,6.52,0,0,000016.SZ,3257671,999900,20210706,7983813,1226700,6.83,6.3
218578,0,6.5,6.51,6.52,6.53,6.54,62900,6500,30600,66100,53119,6.49,6.48,6.47,6.46,6.45,1900,134500,57000,57900,53700,0,64304,34455000,0,6.54,0,6.49,34455566,16076,6.48,582,6.54,,6.52,0,0,000016.SZ,3247771,1000300,20210706,8003283,1229700,6.83,6.3
222619,0,6.49,6.5,6.51,6.52,6.53,3100,62900,6500,30600,66100,6.48,6.47,6.46,6.45,6.44,134500,57000,57900,53700,17900,0,3398508,34458000,0,6.54,0,6.49,34458560,849627,6.48,586,6.54,,6.52,0,0,000016.SZ,3240071,998900,20210706,8015614,1231600,6.83,6.3
226618,0,6.49,6.5,6.51,6.52,6.53,4100,62900,6500,30600,66100,6.48,6.47,6.46,6.45,6.44,134500,57000,57900,53700,17900,0,3257268,34461000,0,6.54,0,6.49,34461555,814317,6.48,586,6.54,,6.52,0,0,000016.SZ,3241271,998900,20210706,8015614,1231600,6.83,6.3
230661,0,6.5,6.51,6.52,6.53,6.54,62900,6500,30600,66100,43119,6.49,6.48,6.47,6.46,6.45,22600,134500,57000,57900,53700,0,3601548,34464000,0,6.54,0,6.49,34464550,900387,6.48,589,6.54,,6.52,0,0,000016.SZ,3227171,1026500,20210706,8043521,1235900,6.83,6.31
234688,0,6.49,6.5,6.51,6.52,6.53,3400,62900,6500,25600,76000,6.48,6.47,6.46,6.45,6.44,134500,57000,57900,53700,17900,0,3342612,34467000,0,6.54,0,6.49,34467545,835653,6.48,591,6.54,,6.52,0,0,000016.SZ,3235471,1003900,20210706,8190195,1258500,6.83,6.3
238676,0,6.49,6.5,6.51,6.52,6.53,1400,62900,6500,25600,76000,6.48,6.47,6.46,6.45,6.44,134500,57000,57900,53700,17900,0,1554228,34470000,0,6.54,0,6.49,34470543,388557,6.48,592,6.54,,6.52,0,0,000016.SZ,3235471,1003900,20210706,8203175,1260500,6.83,6.3
242708,0,6.49,6.5,6.51,6.52,6.53,1400,62900,6500,25600,76000,6.48,6.47,6.46,6.45,6.44,134500,57000,57900,53700,17900,0,2111024,34473000,0,6.54,0,6.49,34473538,527756,6.48,592,6.54,,6.52,0,0,000016.SZ,3241471,1004400,20210706,8203175,1260500,6.83,6.3
246729,0,6.49,6.5,6.51,6.52,6.53,3800,62900,6500,25600,76000,6.48,6.47,6.46,6.45,6.44,134500,57000,57900,53800,17900,0,972772,34476000,0,6.54,0,6.49,34476532,243193,6.48,592,6.54,,6.52,0,0,000016.SZ,3243871,1004500,20210706,8203175,1260500,6.83,6.3
250725,0,6.49,6.5,6.51,6.52,6.53,3800,62900,6500,25600,76000,6.48,6.47,6.46,6.45,6.44,138500,57000,57900,53800,17900,0,1908072,34479000,0,6.54,0,6.49,34479528,477018,6.48,592,6.54,,6.52,0,0,000016.SZ,3243871,1008500,20210706,8203175,1260500,6.83,6.3
254749,0,6.49,6.5,6.51,6.52,6.53,2800,62900,6500,25600,76000,6.48,6.47,6.46,6.45,6.44,138500,57000,57900,53800,17900,0,1750092,34482000,0,6.54,0,6.49,34482583,437523,6.48,595,6.54,,6.52,0,0,000016.SZ,3242871,1028500,20210706,8209665,1261500,6.83,6.3
2746,0,6.5,6.51,6.52,6.53,6.54,63200,6500,25600,76000,43119,6.49,6.48,6.47,6.46,6.45,10500,120400,57000,57900,53800,0,1003144,34485000,0,6.54,0,6.49,34485579,250786,6.48,598,6.54,,6.52,0,0,000016.SZ,3235771,950700,20210706,8247277,1267300,6.83,6.29
6733,0,6.5,6.51,6.52,6.53,6.54,65200,6500,25600,74400,43119,6.48,6.47,6.46,6.45,6.44,119100,57000,57900,53800,17900,0,3952760,34488000,0,6.54,0,6.48,34488573,988190,6.48,602,6.54,,6.52,0,0,000016.SZ,3244071,938900,20210706,8326442,1279500,6.83,6.29
10732,0,6.5,6.51,6.52,6.53,6.54,65200,5700,25600,74400,43119,6.49,6.48,6.47,6.46,6.45,5000,119100,57000,57900,53800,0,3098188,34491000,0,6.54,0,6.48,34491569,774547,6.48,602,6.54,,6.52,0,0,000016.SZ,3248271,943900,20210706,8326442,1279500,6.83,6.29
14725,0,6.5,6.51,6.52,6.53,6.54,65200,5700,25600,79000,43119,6.49,6.48,6.47,6.46,6.45,4700,119100,57000,57900,58800,0,400372,34494000,0,6.54,0,6.49,34494565,100093,6.48,603,6.54,,6.52,0,0,000016.SZ,3255871,948600,20210706,8328389,1279800,6.83,6.29
18695,0,6.5,6.51,6.52,6.53,6.54,65200,5700,25600,79000,43119,6.49,6.48,6.47,6.46,6.45,4900,119100,57000,73500,58800,0,3613316,34497000,0,6.54,0,6.49,34497561,903329,6.48,603,6.54,,6.52,0,0,000016.SZ,3195871,962800,20210706,8328389,1279800,6.83,6.3
22724,0,6.49,6.5,6.51,6.52,6.53,36800,69000,5700,25600,79000,6.48,6.47,6.46,6.45,6.44,119100,57000,73500,58800,17900,0,2033036,34500000,0,6.54,0,6.49,34500557,508259,6.48,606,6.54,,6.52,0,0,000016.SZ,3236471,957900,20210706,8362137,1285000,6.83,6.29
26768,0,6.49,6.5,6.51,6.52,6.53,38200,68500,5700,25600,79000,6.48,6.47,6.46,6.45,6.44,119100,57000,68500,58800,17900,0,933592,34503000,0,6.54,0,6.49,34503612,233398,6.48,606,6.54,,6.52,0,0,000016.SZ,3241271,952900,20210706,8362137,1285000,6.83,6.29
30770,0,6.49,6.5,6.51,6.52,6.53,37700,68500,5700,25600,79000,6.48,6.47,6.46,6.45,6.44,119100,57000,68500,58800,17900,0,3740684,34506000,0,6.54,0,6.49,34506546,935171,6.48,607,6.54,,6.52,0,0,000016.SZ,3240771,952900,20210706,8365382,1285500,6.83,6.29
34830,0,6.49,6.5,6.51,6.52,6.53,40200,68500,5700,25600,79000,6.48,6.47,6.46,6.45,6.44,120100,57000,68500,58800,17900,0,2974656,34509000,0,6.54,0,6.49,34509543,743664,6.48,607,6.54,,6.52,0,0,000016.SZ,3243271,953400,20210706,8365382,1285500,6.83,6.29
38889,0,6.49,6.5,6.51,6.52,6.53,30200,68500,5700,25600,79000,6.48,6.47,6.46,6.45,6.44,120100,61000,68500,58800,17900,0,643404,34512000,0,6.54,0,6.49,34512538,160851,6.48,608,6.54,,6.52,0,0,000016.SZ,3235271,957400,20210706,8430282,1295500,6.83,6.29
42954,0,6.49,6.5,6.51,6.52,6.53,32300,68500,5700,25600,79000,6.48,6.47,6.46,6.45,6.44,120100,61000,68500,58800,17900,0,897100,34515000,0,6.54,0,6.49,34515534,224275,6.48,608,6.54,,6.52,0,0,000016.SZ,3241171,957400,20210706,8430282,1295500,6.83,6.29
46960,0,6.49,6.5,6.51,6.52,6.53,32300,68500,5700,25600,79000,6.48,6.47,6.46,6.45,6.44,119900,61000,68500,58800,17900,0,3084372,34518000,0,6.54,0,6.48,34518527,771093,6.48,609,6.54,,6.52,0,0,000016.SZ,3241671,957200,20210706,8431578,1295700,6.83,6.29
50972,0,6.49,6.5,6.51,6.52,6.53,36400,68500,5700,25600,79000,6.48,6.47,6.46,6.45,6.44,107900,61000,68500,58800,17900,0,166684,34521000,0,6.54,0,6.48,34521585,41671,6.48,612,6.54,,6.52,0,0,000016.SZ,3249871,956200,20210706,8511934,1308100,6.83,6.29
54986,0,6.49,6.5,6.51,6.52,6.53,34600,68500,5700,25600,79000,6.48,6.47,6.46,6.45,6.44,107900,61000,68500,58800,15600,0,3644808,34524000,0,6.54,0,6.48,34524579,911202,6.48,612,6.54,,6.52,0,0,000016.SZ,3252471,953900,20210706,8511934,1308100,6.83,6.29
59012,0,6.49,6.5,6.51,6.52,6.53,34100,68500,5700,24600,79000,6.48,6.47,6.46,6.45,6.44,104200,62000,68500,58800,15600,0,1820836,34527000,0,6.54,0,6.48,34527574,455209,6.48,617,6.54,,6.52,0,0,000016.SZ,3250971,951200,20210706,8535910,1311800,6.83,6.29
62999,0,6.49,6.5,6.51,6.52,6.53,36100,68500,5700,24600,79000,6.48,6.47,6.46,6.45,6.44,104200,62000,68500,58800,15600,0,3226552,34530000,0,6.54,0,6.48,34530570,806638,6.48,617,6.54,,6.52,0,0,000016.SZ,3252971,951200,20210706,8535910,1311800,6.83,6.29
67030,0,6.49,6.5,6.51,6.52,6.53,36100,68500,5700,24600,79000,6.48,6.47,6.46,6.45,6.44,104800,62000,68500,58800,15600,0,1008184,34533000,0,6.54,0,6.48,34533565,252046,6.48,619,6.54,,6.52,0,0,000016.SZ,3251971,952800,20210706,8545630,1313300,6.83,6.29
71022,0,6.49,6.5,6.51,6.52,6.53,36100,68500,5700,25600,79000,6.48,6.47,6.46,6.45,6.44,106900,64000,68500,58800,15600,0,1725208,34536000,0,6.54,0,6.48,34536561,431302,6.48,619,6.54,,6.52,0,0,000016.SZ,3252971,956900,20210706,8545630,1313300,6.83,6.29
75031,0,6.49,6.5,6.51,6.52,6.53,35300,68500,5700,25600,79000,6.48,6.47,6.46,6.45,6.44,106900,64000,68500,58800,15600,0,2105568,34539000,0,6.54,0,6.48,34539556,526392,6.48,619,6.54,,6.52,0,0,000016.SZ,3252171,958900,20210706,8545630,1313300,6.83,6.29
79049,0,6.49,6.5,6.51,6.52,6.53,50800,68500,5700,25600,79000,6.48,6.47,6.46,6.45,6.44,55900,64000,68500,58800,15600,0,3415780,34542000,0,6.54,0,6.48,34542567,853945,6.48,626,6.54,,6.52,0,0,000016.SZ,3267671,909800,20210706,8876110,1364300,6.83,6.28
83009,0,6.49,6.5,6.51,6.52,6.53,52000,68100,5700,25400,79000,6.48,6.47,6.46,6.45,6.44,43200,70500,68500,58800,15600,0,3564488,34545000,0,6.54,0,6.48,34545562,891122,6.48,632,6.54,,6.52,0,0,000016.SZ,3268271,903600,20210706,8902678,1368400,6.83,6.28
86964,0,6.49,6.5,6.51,6.52,6.53,63100,73100,5700,25400,79000,6.48,6.47,6.46,6.45,6.44,36500,70500,68500,58800,15600,0,3523956,34548000,0,6.54,0,6.48,34548557,880989,6.48,642,6.54,,6.52,0,0,000016.SZ,3284371,896900,20210706,8972662,1379200,6.83,6.28
90922,0,6.48,6.49,6.5,6.51,6.52,117200,64900,73100,5700,25400,6.47,6.46,6.45,6.44,6.43,70500,68500,58800,15600,38600,0,864624,34551000,0,6.54,0,6.48,34551553,216156,6.48,654,6.54,,6.52,0,0,000016.SZ,3404371,860400,20210706,9209182,1415700,6.81,6.27
98873,0,6.48,6.49,6.5,6.51,6.52,116300,64900,73100,5700,25400,6.47,6.46,6.45,6.44,6.43,69600,70500,58800,15600,38600,0,1350256,34557000,0,6.54,0,6.48,34557545,337564,6.47,656,6.54,,6.52,0,0,000016.SZ,3403471,861500,20210706,9220837,1417500,6.81,6.27
102884,0,6.48,6.49,6.5,6.51,6.52,116300,64900,73100,5700,25400,6.47,6.46,6.45,6.44,6.43,69500,70500,58800,13600,38600,0,3460424,34560000,0,6.54,0,6.47,34560598,865106,6.47,657,6.54,,6.52,0,0,000016.SZ,3403471,861000,20210706,9221484,1417600,6.81,6.27
106870,0,6.48,6.49,6.5,6.51,6.52,117500,62900,73100,5700,27200,6.47,6.46,6.45,6.44,6.43,69500,70500,58800,13600,38600,0,1471168,34563000,0,6.54,0,6.47,34563599,367792,6.47,657,6.54,,6.52,0,0,000016.SZ,3406671,861000,20210706,9221484,1417600,6.81,6.27
110866,0,6.48,6.49,6.5,6.51,6.52,117500,62900,73100,5700,27200,6.47,6.46,6.45,6.44,6.43,67500,70500,58800,13600,38600,0,2341700,34566000,0,6.54,0,6.47,34566595,585425,6.47,658,6.54,,6.52,0,0,000016.SZ,3406671,860000,20210706,9234424,1419600,6.81,6.27
114853,0,6.48,6.49,6.5,6.51,6.52,25000,62900,73100,5700,27200,6.47,6.46,6.45,6.44,6.43,73000,70700,58800,13600,38600,0,2098928,34569000,0,6.54,0,6.48,34569594,524732,6.47,679,6.54,,6.52,0,0,000016.SZ,3314171,865700,20210706,9662730,1485700,6.82,6.27
118885,0,6.49,6.5,6.51,6.52,6.53,48800,73100,5700,27200,79000,6.47,6.46,6.45,6.44,6.43,45400,70700,58800,13600,38600,0,1959216,34572000,0,6.54,0,6.47,34572586,489804,6.47,696,6.54,,6.52,0,0,000016.SZ,3278071,838100,20210706,10080373,1550200,6.83,6.27
122945,0,6.49,6.5,6.51,6.52,6.53,48800,69300,5700,27200,79000,6.47,6.46,6.45,6.44,6.43,46600,70700,58800,13600,38600,0,2600488,34575000,0,6.54,0,6.47,34575580,650122,6.47,697,6.54,,6.52,0,0,000016.SZ,3274271,844200,20210706,10094607,1552400,6.83,6.27
126989,0,6.49,6.5,6.51,6.52,6.53,48800,69300,5700,27200,79000,6.47,6.46,6.45,6.44,6.43,42600,76100,58800,13600,38600,0,1867664,34578000,0,6.54,0,6.47,34578577,466916,6.47,697,6.54,,6.52,0,0,000016.SZ,3286371,845600,20210706,10094607,1552400,6.83,6.27
131035,0,6.49,6.5,6.51,6.52,6.53,49600,15700,5700,27200,79000,6.48,6.47,6.46,6.45,6.44,1700,43300,76100,58800,13600,0,2122784,34581000,0,6.54,0,6.48,34581571,530696,6.47,702,6.54,,6.52,0,0,000016.SZ,3238671,848000,20210706,10107567,1554400,6.83,6.27
135013,0,6.49,6.5,6.51,6.52,6.53,49600,15700,5700,39800,79000,6.48,6.47,6.46,6.45,6.44,2800,43400,76100,58800,13600,0,3620320,34584000,0,6.54,0,6.47,34584573,905080,6.47,707,6.54,,6.52,0,0,000016.SZ,3251271,849200,20210706,10122465,1556700,6.83,6.27
139008,0,6.49,6.5,6.51,6.52,6.53,49600,15700,5700,39800,79000,6.48,6.47,6.46,6.45,6.44,32600,43400,76100,59000,13600,0,3528500,34587000,0,6.54,0,6.48,34587559,882125,6.47,708,6.54,,6.52,0,0,000016.SZ,3252471,879200,20210706,10123761,1556900,6.83,6.28
143045,0,6.49,6.5,6.51,6.52,6.53,46800,15700,5700,36600,79000,6.48,6.47,6.46,6.45,6.44,32600,44200,75700,59000,13600,0,553860,34590000,0,6.54,0,6.48,34590617,138465,6.47,708,6.54,,6.52,0,0,000016.SZ,3246471,879600,20210706,10123761,1556900,6.83,6.28
146989,0,6.49,6.5,6.51,6.52,6.53,46800,15700,5700,36600,79000,6.48,6.47,6.46,6.45,6.44,32600,45200,75700,59000,13600,0,3978072,34593000,0,6.54,0,6.48,34593553,994518,6.47,708,6.54,,6.52,0,0,000016.SZ,3248971,880600,20210706,10123761,1556900,6.83,6.28
150933,0,6.49,6.5,6.51,6.52,6.53,45500,22200,5700,36600,79000,6.48,6.47,6.46,6.45,6.44,38600,45200,75700,59000,13600,0,3292712,34596000,0,6.54,0,6.49,34596544,823178,6.47,710,6.54,,6.52,0,0,000016.SZ,3254171,906600,20210706,10132198,1558200,6.83,6.28
154954,0,6.49,6.5,6.51,6.52,6.53,43400,22200,5700,36600,79000,6.48,6.47,6.46,6.45,6.44,38600,45200,75700,59000,13600,0,2409676,34599000,0,6.54,0,6.49,34599602,602419,6.47,712,6.54,,6.52,0,0,000016.SZ,3253071,912000,20210706,10145827,1560300,6.83,6.28
158906,0,6.49,6.5,6.51,6.52,6.53,42500,22200,5700,36600,79000,6.48,6.47,6.46,6.45,6.44,38600,45200,75700,59000,15600,0,1423676,34602000,0,6.54,0,6.49,34602597,355919,6.47,712,6.54,,6.52,0,0,000016.SZ,3252171,914000,20210706,10145827,1560300,6.83,6.28
162871,0,6.49,6.5,6.51,6.52,6.53,42400,22200,5700,36600,79000,6.48,6.47,6.46,6.45,6.44,38600,45200,75700,59000,35600,0,965388,34605000,0,6.54,0,6.49,34605591,241347,6.47,713,6.54,,6.52,0,0,000016.SZ,3252071,934000,20210706,10146476,1560400,6.83,6.28
166862,0,6.5,6.51,6.52,6.53,6.54,22200,5700,36600,79000,45619,6.49,6.48,6.47,6.46,6.45,87800,28700,45200,75700,59000,0,3951532,34608000,0,6.54,0,6.49,34608590,987883,6.47,728,6.54,,6.52,0,0,000016.SZ,3209671,1011900,20210706,10483212,1612300,6.84,6.3
170808,0,6.5,6.51,6.52,6.53,6.54,1300,33900,36600,79000,45619,6.49,6.48,6.47,6.46,6.45,88900,27900,65200,75700,59000,0,3315220,34611000,0,6.54,0,6.5,34611584,828805,6.47,746,6.54,,6.52,0,0,000016.SZ,3216971,1058300,20210706,10612562,1632200,6.84,6.3
174728,0,6.51,6.52,6.53,6.54,6.55,33900,24000,79000,45619,58800,6.5,6.49,6.48,6.47,6.46,500,106700,27900,65200,75700,0,2911268,34614000,0,6.54,0,6.5,34614579,727817,6.47,752,6.54,,6.52,0,0,000016.SZ,3235071,1080600,20210706,10621012,1633500,6.83,6.31
178674,0,6.51,6.52,6.53,6.54,6.55,33800,24000,79000,45619,58800,6.5,6.49,6.48,6.47,6.46,2200,105900,27900,105200,75700,0,3449140,34617000,0,6.54,0,6.51,34617574,862285,6.47,753,6.54,,6.52,0,0,000016.SZ,3235471,1117100,20210706,10621663,1633600,6.83,6.31
182609,0,6.51,6.52,6.53,6.54,6.55,34500,24000,79000,45619,58800,6.5,6.49,6.48,6.47,6.46,2200,105900,27900,94600,76700,0,95956,34620000,0,6.54,0,6.51,34620571,23989,6.47,753,6.54,,6.52,0,0,000016.SZ,3237271,1115500,20210706,10621663,1633600,6.83,6.31
186566,0,6.51,6.52,6.53,6.54,6.55,34500,24000,79000,33119,58800,6.49,6.48,6.47,6.46,6.45,86800,27900,94600,76700,59000,0,1836128,34623000,0,6.54,0,6.49,34623625,459032,6.47,759,6.54,,6.52,0,0,000016.SZ,3224771,1094200,20210706,10759922,1654900,6.84,6.31
190457,0,6.51,6.52,6.53,6.54,6.55,34700,25000,79000,33119,58800,6.49,6.48,6.47,6.46,6.45,87300,27900,94600,76700,61000,0,1154440,34626000,0,6.54,0,6.49,34626558,288610,6.47,759,6.54,,6.52,0,0,000016.SZ,3225971,1096700,20210706,10759922,1654900,6.84,6.31
194435,0,6.51,6.52,6.53,6.54,6.55,34700,25000,79000,33119,58800,6.5,6.49,6.48,6.47,6.46,2700,87300,27900,94600,76700,0,1354920,34629000,0,6.54,0,6.49,34629619,338730,6.47,759,6.54,,6.52,0,0,000016.SZ,3227171,1099400,20210706,10759922,1654900,6.84,6.31
198379,0,6.51,6.52,6.53,6.54,6.55,38300,25000,79000,33119,58800,6.5,6.49,6.48,6.47,6.46,2400,87300,27900,94600,76700,0,54852,34632000,0,6.54,0,6.5,34632610,13713,6.47,760,6.54,,6.52,0,0,000016.SZ,3230771,1099100,20210706,10761872,1655200,6.84,6.31
202311,0,6.51,6.52,6.53,6.54,6.55,39100,25000,79000,33119,58800,6.5,6.49,6.48,6.47,6.46,3500,97300,38600,94600,76700,0,3334900,34635000,0,6.54,0,6.5,34635548,833725,6.47,764,6.54,,6.52,0,0,000016.SZ,3231571,1120900,20210706,10781372,1658200,6.84,6.31
210270,0,6.51,6.52,6.53,6.54,6.55,40100,25000,79000,33119,58800,6.5,6.49,6.48,6.47,6.46,10000,97900,38600,96300,76700,0,735740,34641000,0,6.54,0,6.5,34641598,183935,6.47,764,6.54,,6.52,0,0,000016.SZ,3232571,1129700,20210706,10781372,1658200,6.84,6.32
214183,0,6.51,6.52,6.53,6.54,6.55,40300,25000,79000,33119,58800,6.5,6.49,6.48,6.47,6.46,6500,97900,38600,96300,76700,0,3906256,34644000,0,6.54,0,6.5,34644592,976564,6.47,764,6.54,,6.52,0,0,000016.SZ,3232871,1126200,20210706,10781372,1658200,6.83,6.32
218119,0,6.51,6.52,6.53,6.54,6.55,12100,25000,79000,33119,58800,6.5,6.49,6.48,6.47,6.46,6500,97900,38600,96700,76700,0,1439188,34647000,0,6.54,0,6.5,34647589,359797,6.47,764,6.54,,6.52,0,0,000016.SZ,3204671,1127900,20210706,10781372,1658200,6.84,6.32
222107,0,6.5,6.51,6.52,6.53,6.54,44900,12100,25000,79000,33119,6.49,6.48,6.47,6.46,6.45,97900,38600,95300,76700,61000,0,3051352,34650000,0,6.54,0,6.5,34650587,762838,6.47,772,6.54,,6.52,0,0,000016.SZ,3262171,1120000,20210706,10847672,1668400,6.83,6.31
226092,0,6.51,6.52,6.53,6.54,6.55,12300,25000,79000,33119,71400,6.49,6.48,6.47,6.46,6.45,105100,38600,108300,76700,61000,0,3492516,34653000,0,6.54,0,6.5,34653586,873129,6.47,777,6.54,,6.52,0,0,000016.SZ,3217471,1140200,20210706,11139522,1713300,6.84,6.32
230058,0,6.51,6.52,6.53,6.54,6.55,9700,25000,79000,33119,71400,6.5,6.49,6.48,6.47,6.46,2400,105300,38600,108300,76700,0,3709892,34656000,0,6.54,0,6.5,34656574,927473,6.47,778,6.54,,6.52,0,0,000016.SZ,3214871,1142800,20210706,11172022,1718300,6.84,6.32
234049,0,6.51,6.52,6.53,6.54,6.55,10100,25000,79000,33119,71400,6.5,6.49,6.48,6.47,6.46,2400,105000,38600,108300,76700,0,2695104,34659000,0,6.54,0,6.5,34659571,673776,6.47,778,6.54,,6.52,0,0,000016.SZ,3215271,1142500,20210706,11172022,1718300,6.84,6.32
238005,0,6.51,6.52,6.53,6.54,6.55,10100,25000,79000,33119,71400,6.5,6.49,6.48,6.47,6.46,2400,105000,38600,108300,76700,0,3505756,34662000,0,6.54,0,6.5,34662565,876439,6.47,778,6.54,,6.52,0,0,000016.SZ,3217271,1142500,20210706,11172022,1718300,6.84,6.32
241915,0,6.51,6.52,6.53,6.54,6.55,10100,25000,79000,33119,71400,6.5,6.49,6.48,6.47,6.46,2400,105000,38600,108300,76700,0,3267916,34665000,0,6.54,0,6.5,34665562,816979,6.47,778,6.54,,6.52,0,0,000016.SZ,3212971,1142500,20210706,11172022,1718300,6.84,6.32
245834,0,6.51,6.52,6.53,6.54,6.55,10100,25000,79000,33119,71400,6.5,6.49,6.48,6.47,6.46,7000,105000,38600,108100,76700,0,2448700,34668000,0,6.54,0,6.5,34668555,612175,6.47,779,6.54,,6.52,0,0,000016.SZ,3212971,1146900,20210706,11185022,1720300,6.84,6.32
249721,0,6.51,6.52,6.53,6.54,6.55,10100,25000,79000,33119,71400,6.5,6.49,6.48,6.47,6.46,7700,105000,58600,108100,76700,0,1209980,34671000,0,6.54,0,6.5,34671549,302495,6.47,779,6.54,,6.52,0,0,000016.SZ,3212971,1189000,20210706,11185022,1720300,6.84,6.32
253702,0,6.51,6.52,6.53,6.54,6.55,10400,25000,82800,33119,71400,6.5,6.49,6.48,6.47,6.46,7700,104800,58600,108100,76700,0,1562384,34674000,0,6.54,0,6.5,34674606,390596,6.47,779,6.54,,6.52,0,0,000016.SZ,3219571,1188800,20210706,11185022,1720300,6.84,6.32
3113,0,6.51,6.52,6.53,6.54,6.55,10400,24000,82800,33119,71400,6.5,6.49,6.48,6.47,6.46,7700,104800,58600,108100,76700,0,1036608,34677000,0,6.54,0,6.5,34677603,259152,6.47,779,6.54,,6.52,0,0,000016.SZ,3224871,1188800,20210706,11185022,1720300,6.84,6.32
7057,0,6.51,6.52,6.53,6.54,6.55,10400,24000,82800,33119,71400,6.5,6.49,6.48,6.47,6.46,1000,104200,58600,108100,76700,0,1172932,34680000,0,6.54,0,6.5,34680599,293233,6.47,786,6.54,,6.52,0,0,000016.SZ,3224871,1181500,20210706,11259122,1731700,6.84,6.32
10962,0,6.51,6.52,6.53,6.54,6.55,11400,24500,82800,33119,71400,6.5,6.49,6.48,6.47,6.46,300,100900,58600,108100,76700,0,1510312,34683000,0,6.54,0,6.5,34683597,377578,6.47,788,6.54,,6.52,0,0,000016.SZ,3226371,1177500,20210706,11285122,1735700,6.84,6.32
14916,0,6.51,6.52,6.53,6.54,6.55,11400,24500,82800,33119,71400,6.5,6.49,6.48,6.47,6.46,1400,100900,58600,108100,76700,0,3360292,34686000,0,6.54,0,6.5,34686597,840073,6.47,790,6.54,,6.52,0,0,000016.SZ,3228271,1178300,20210706,11288372,1736200,6.84,6.32
18853,0,6.51,6.52,6.53,6.54,6.55,14100,24500,82800,33119,71400,6.5,6.49,6.48,6.47,6.46,2000,100900,58600,108100,76700,0,3978948,34689000,0,6.54,0,6.5,34689584,994737,6.47,790,6.54,,6.52,0,0,000016.SZ,3230971,1178900,20210706,11288372,1736200,6.84,6.32
22844,0,6.51,6.52,6.53,6.54,6.55,42100,24500,84000,33119,71400,6.5,6.49,6.48,6.47,6.46,900,100900,58600,108100,76700,0,3820980,34692000,0,6.54,0,6.5,34692580,955245,6.47,796,6.54,,6.52,0,0,000016.SZ,3264171,1177800,20210706,11295522,1737300,6.83,6.32
26785,0,6.51,6.52,6.53,6.54,6.55,42100,24500,84000,33119,71400,6.5,6.49,6.48,6.47,6.46,5400,100900,58600,107400,76700,0,3091732,34695000,0,6.54,0,6.5,34695572,772933,6.47,797,6.54,,6.52,0,0,000016.SZ,3264571,1181600,20210706,11296172,1737400,6.83,6.32
30761,0,6.51,6.52,6.53,6.54,6.55,41100,24500,84000,33119,71400,6.5,6.49,6.48,6.47,6.46,5400,100900,58600,107400,76700,0,324244,34698000,0,6.54,0,6.5,34698569,81061,6.47,797,6.54,,6.52,0,0,000016.SZ,3263571,1181600,20210706,11296172,1737400,6.83,6.32
34718,0,6.51,6.52,6.53,6.54,6.55,64900,24500,84000,33119,71400,6.5,6.49,6.48,6.47,6.46,5400,100900,58600,107400,76700,0,1965776,34701000,0,6.54,0,6.5,34701562,491444,6.47,797,6.54,,6.52,0,0,000016.SZ,3287371,1181600,20210706,11296172,1737400,6.83,6.32
38678,0,6.5,6.51,6.52,6.53,6.54,14100,64700,24500,84000,33119,6.49,6.48,6.47,6.46,6.45,100900,61700,107400,76500,61000,0,1265876,34704000,0,6.54,0,6.5,34704561,316469,6.47,799,6.54,,6.52,0,0,000016.SZ,3311271,1179100,20210706,11331272,1742800,6.83,6.32
42581,0,6.5,6.51,6.52,6.53,6.54,14300,64700,24500,84000,33119,6.49,6.48,6.47,6.46,6.45,100900,61700,107400,76500,61000,0,1715948,34707000,0,6.54,0,6.5,34707556,428987,6.47,799,6.54,,6.52,0,0,000016.SZ,3311471,1179100,20210706,11331272,1742800,6.83,6.32
46492,0,6.5,6.51,6.52,6.53,6.54,57300,64200,24500,84000,33119,6.49,6.48,6.47,6.46,6.45,100900,61700,107400,76500,61000,0,1222668,34710000,0,6.54,0,6.5,34710548,305667,6.47,799,6.54,,6.52,0,0,000016.SZ,3354971,1179100,20210706,11331272,1742800,6.83,6.32
50445,0,6.5,6.51,6.52,6.53,6.54,59600,64000,24500,84000,33119,6.49,6.48,6.47,6.46,6.45,103200,61700,107400,76500,61000,0,1069360,34713000,0,6.54,0,6.5,34713610,267340,6.47,799,6.54,,6.52,0,0,000016.SZ,3357071,1184600,20210706,11331272,1742800,6.83,6.32
54300,0,6.5,6.51,6.52,6.53,6.54,68700,67200,24500,89000,33119,6.49,6.48,6.47,6.46,6.45,103200,61700,107400,76500,61000,0,864892,34716000,0,6.54,0,6.5,34716601,216223,6.47,799,6.54,,6.52,0,0,000016.SZ,3373371,1184600,20210706,11331272,1742800,6.82,6.32
58197,0,6.5,6.51,6.52,6.53,6.54,68600,67200,24500,89000,33119,6.49,6.48,6.47,6.46,6.45,102700,61700,107400,76500,61000,0,3667696,34719000,0,6.54,0,6.5,34719597,916924,6.47,801,6.54,,6.52,0,0,000016.SZ,3487471,1184100,20210706,11335167,1743400,6.82,6.32
62112,0,6.5,6.51,6.52,6.53,6.54,69200,67200,24500,89000,33119,6.49,6.48,6.47,6.46,6.45,97300,61700,107400,76500,61000,0,260176,34722000,0,6.54,0,6.5,34722594,65044,6.47,801,6.54,,6.52,0,0,000016.SZ,3490471,1178700,20210706,11335167,1743400,6.82,6.32
66024,0,6.5,6.51,6.52,6.53,6.54,69200,67200,24500,89000,33119,6.49,6.48,6.47,6.46,6.45,97500,61700,107400,76500,61000,0,1142144,34725000,0,6.54,0,6.5,34725591,285536,6.47,801,6.54,,6.52,0,0,000016.SZ,3495471,1178900,20210706,11335167,1743400,6.82,6.32
69882,0,6.5,6.51,6.52,6.53,6.54,55200,67200,24500,89000,33119,6.49,6.48,6.47,6.46,6.45,102500,61700,107400,76500,61000,0,1593508,34728000,0,6.54,0,6.5,34728588,398377,6.47,801,6.54,,6.52,0,0,000016.SZ,3469371,1173400,20210706,11335167,1743400,6.82,6.32
73801,0,6.5,6.51,6.52,6.53,6.54,55200,67200,24500,89000,33119,6.49,6.48,6.47,6.46,6.45,106000,61700,107400,76500,61000,0,1081264,34731000,0,6.54,0,6.5,34731580,270316,6.47,801,6.54,,6.52,0,0,000016.SZ,3469371,1176900,20210706,11335167,1743400,6.82,6.32
77657,0,6.5,6.51,6.52,6.53,6.54,55200,67200,24500,89000,33119,6.49,6.48,6.47,6.46,6.45,96000,61700,107400,76500,61000,0,1711328,34734000,0,6.54,0,6.5,34734576,427832,6.47,801,6.54,,6.52,0,0,000016.SZ,3476371,1166900,20210706,11335167,1743400,6.82,6.32
81577,0,6.5,6.51,6.52,6.53,6.54,71600,67200,24500,89000,33119,6.49,6.48,6.47,6.46,6.45,96200,61700,107400,76500,61000,0,2722924,34737000,0,6.54,0,6.5,34737571,680731,6.47,801,6.54,,6.52,0,0,000016.SZ,3494671,1167400,20210706,11335167,1743400,6.82,6.32
85464,0,6.5,6.51,6.52,6.53,6.54,71900,67200,24500,89000,33119,6.49,6.48,6.47,6.46,6.45,96100,61700,107400,76500,61000,0,779196,34740000,0,6.54,0,6.49,34740567,194799,6.47,804,6.54,,6.52,0,0,000016.SZ,3496971,1167300,20210706,11338416,1743900,6.82,6.32
89387,0,6.5,6.51,6.52,6.53,6.54,71900,67200,24500,89000,33119,6.49,6.48,6.47,6.46,6.45,34500,61700,107400,76500,61000,0,366212,34743000,0,6.54,0,6.49,34743620,91553,6.47,806,6.54,,6.52,0,0,000016.SZ,3496971,1105700,20210706,11738200,1805500,6.82,6.31
93274,0,6.5,6.51,6.52,6.53,6.54,71900,67200,24500,89000,33119,6.49,6.48,6.47,6.46,6.45,34100,63700,107400,76500,61000,0,776248,34746000,0,6.54,0,6.49,34746615,194062,6.47,810,6.54,,6.52,0,0,000016.SZ,3496971,1109800,20210706,11740796,1805900,6.82,6.31
97163,0,6.5,6.51,6.52,6.53,6.54,74000,67200,24500,89000,33119,6.49,6.48,6.47,6.46,6.45,25200,63700,107400,76500,61000,0,2375284,34749000,0,6.54,0,6.49,34749551,593821,6.47,814,6.54,,6.52,0,0,000016.SZ,3429271,1100900,20210706,11798557,1814800,6.83,6.31
101082,0,6.5,6.51,6.52,6.53,6.54,61000,67200,24500,89000,33119,6.48,6.47,6.46,6.45,6.44,63700,107400,76500,59300,38300,0,488440,34752000,0,6.54,0,6.49,34752547,122110,6.47,821,6.54,,6.52,0,0,000016.SZ,3416271,1074000,20210706,11964701,1840400,6.83,6.31
105076,0,6.5,6.51,6.52,6.53,6.54,61000,67200,24500,89000,33119,6.48,6.47,6.46,6.45,6.44,63700,107400,76500,59300,38800,0,784784,34755000,0,6.54,0,6.49,34755603,196196,6.47,821,6.54,,6.52,0,0,000016.SZ,3416271,1074500,20210706,11964701,1840400,6.83,6.31
112865,0,6.5,6.51,6.52,6.53,6.54,61000,69800,24500,89000,33119,6.48,6.47,6.46,6.45,6.44,64100,107400,76500,59300,38800,0,1364164,34761000,0,6.54,0,6.49,34761596,341041,6.47,821,6.54,,6.52,0,0,000016.SZ,3418871,1075900,20210706,11964701,1840400,6.83,6.31
116757,0,6.49,6.5,6.51,6.52,6.53,2300,60800,69800,24500,89000,6.48,6.47,6.46,6.45,6.44,63300,103800,76500,59300,38800,0,1043028,34764000,0,6.54,0,6.48,34764589,260757,6.47,822,6.54,,6.52,0,0,000016.SZ,3420971,1071500,20210706,11969885,1841200,6.83,6.3
120662,0,6.5,6.51,6.52,6.53,6.54,60700,69800,24500,89000,33119,6.49,6.48,6.47,6.46,6.45,7400,76200,103800,76500,59300,0,3939028,34767000,0,6.54,0,6.49,34767585,984757,6.47,831,6.54,,6.52,0,0,000016.SZ,3490871,1091800,20210706,11986759,1843800,6.82,6.31
124518,0,6.5,6.51,6.52,6.53,6.54,60700,69800,24500,89000,33119,6.49,6.48,6.47,6.46,6.45,7400,76200,103800,76500,59300,0,7752,34770000,0,6.54,0,6.49,34770580,1938,6.47,831,6.54,,6.52,0,0,000016.SZ,3490871,1071800,20210706,11986759,1843800,6.82,6.31
128370,0,6.49,6.5,6.51,6.52,6.53,9600,60000,69800,25000,89000,6.48,6.47,6.46,6.45,6.44,76200,103800,72500,59300,18800,0,645952,34773000,0,6.54,0,6.49,34773575,161488,6.47,832,6.54,,6.52,0,0,000016.SZ,3500271,1060400,20210706,12034785,1851200,6.82,6.3
132285,0,6.49,6.5,6.51,6.52,6.53,41200,60000,69800,25000,89000,6.48,6.47,6.46,6.45,6.44,77400,103800,72500,59300,18800,0,2765168,34776000,0,6.54,0,6.49,34776567,691292,6.47,832,6.54,,6.52,0,0,000016.SZ,3544871,1062200,20210706,12034785,1851200,6.82,6.3
140039,0,6.49,6.5,6.51,6.52,6.53,40900,60000,69800,25000,89000,6.48,6.47,6.46,6.45,6.44,81200,103800,72500,59300,18800,0,3540920,34782000,0,6.54,0,6.49,34782559,885230,6.47,833,6.54,,6.52,0,0,000016.SZ,3546571,1067400,20210706,12036732,1851500,6.82,6.3
143913,0,6.49,6.5,6.51,6.52,6.53,39400,58000,69800,25000,85200,6.48,6.47,6.46,6.45,6.44,81400,103800,72500,59300,18800,0,2589908,34785000,0,6.54,0,6.48,34785616,647477,6.47,834,6.54,,6.52,0,0,000016.SZ,3539271,1067600,20210706,12048396,1853300,6.82,6.3
147756,0,6.49,6.5,6.51,6.52,6.53,41700,58100,69600,25000,85200,6.48,6.47,6.46,6.45,6.44,91000,103800,72500,59300,18800,0,2947120,34788000,0,6.54,0,6.48,34788549,736780,6.47,834,6.54,,6.52,0,0,000016.SZ,3541471,1096000,20210706,12048396,1853300,6.82,6.31
151675,0,6.49,6.5,6.51,6.52,6.53,42100,58100,69600,25000,85200,6.48,6.47,6.46,6.45,6.44,64200,103800,72500,59300,18800,0,458664,34791000,0,6.54,0,6.48,34791606,114666,6.47,839,6.54,,6.52,0,0,000016.SZ,3541871,1069200,20210706,12222060,1880100,6.82,6.3
155526,0,6.49,6.5,6.51,6.52,6.53,45100,58100,69600,25000,85200,6.48,6.47,6.46,6.45,6.44,59200,103800,72500,57700,18800,0,1352040,34794000,0,6.54,0,6.48,34794603,338010,6.47,845,6.54,,6.52,0,0,000016.SZ,3544871,1062600,20210706,12254460,1885100,6.82,6.3
159369,0,6.49,6.5,6.51,6.52,6.53,45100,61900,71600,25000,85200,6.48,6.47,6.46,6.45,6.44,57900,103800,74500,57700,18800,0,38980,34797000,0,6.54,0,6.48,34797599,9745,6.47,853,6.54,,6.52,0,0,000016.SZ,3550671,1063300,20210706,12275196,1888300,6.82,6.3
163212,0,6.49,6.5,6.51,6.52,6.53,49200,61900,71600,25000,85200,6.48,6.47,6.46,6.45,6.44,55000,104200,74500,57700,18800,0,2331176,34800000,0,6.54,0,6.48,34800594,582794,6.47,860,6.54,,6.52,0,0,000016.SZ,3554771,1060800,20210706,12293988,1891200,6.82,6.3
167140,0,6.49,6.5,6.51,6.52,6.53,80600,61400,68500,25000,85200,6.48,6.47,6.46,6.45,6.44,53700,104200,74500,57700,18800,0,2779756,34803000,0,6.54,0,6.48,34803591,694939,6.47,862,6.54,,6.52,0,0,000016.SZ,3582571,1059500,20210706,12302412,1892500,6.81,6.3
171067,0,6.49,6.5,6.51,6.52,6.53,80600,61400,68500,25000,85200,6.48,6.47,6.46,6.45,6.44,50700,104200,74500,57700,18800,0,2014560,34806000,0,6.54,0,6.48,34806585,503640,6.47,864,6.54,,6.52,0,0,000016.SZ,3589571,1056500,20210706,12321852,1895500,6.82,6.3
174982,0,6.49,6.5,6.51,6.52,6.53,80600,61400,68500,25000,85200,6.48,6.47,6.46,6.45,6.44,50300,104200,74500,57700,18800,0,1582580,34809000,0,6.54,0,6.48,34809586,395645,6.47,865,6.54,,6.52,0,0,000016.SZ,3589671,1059500,20210706,12324444,1895900,6.82,6.3
178892,0,6.49,6.5,6.51,6.52,6.53,76400,61400,68500,25000,85200,6.48,6.47,6.46,6.45,6.44,38500,104200,74500,57700,18800,0,1150316,34812000,0,6.54,0,6.48,34812576,287579,6.47,869,6.54,,6.52,0,0,000016.SZ,3590471,1048700,20210706,12446310,1914700,6.82,6.3
182866,0,6.49,6.5,6.51,6.52,6.53,76400,61400,68500,25000,85200,6.48,6.47,6.46,6.45,6.44,28000,104200,74500,57700,18800,0,2494824,34815000,0,6.54,0,6.48,34815573,623706,6.47,878,6.54,,6.52,0,0,000016.SZ,3590471,1042200,20210706,12514350,1925200,6.82,6.3
186826,0,6.49,6.5,6.51,6.52,6.53,76400,61400,68500,25000,85200,6.48,6.47,6.46,6.45,6.44,28000,104200,74500,57700,18800,0,2545092,34818000,0,6.54,0,6.48,34818564,636273,6.47,878,6.54,,6.52,0,0,000016.SZ,3590971,1042800,20210706,12514350,1925200,6.82,6.3
190777,0,6.49,6.5,6.51,6.52,6.53,76400,61400,68500,25000,85200,6.48,6.47,6.46,6.45,6.44,25700,110600,74500,77900,18800,0,395492,34821000,0,6.54,0,6.48,34821561,98873,6.47,880,6.54,,6.52,0,0,000016.SZ,3590971,1067100,20210706,12529254,1927500,6.82,6.3
194760,0,6.49,6.5,6.51,6.52,6.53,76400,61400,68500,25000,85200,6.48,6.47,6.46,6.45,6.44,24000,110600,74500,77900,18800,0,2792056,34824000,0,6.54,0,6.48,34824554,698014,6.47,887,6.54,,6.52,0,0,000016.SZ,3590971,1065400,20210706,12558414,1932000,6.82,6.3
198694,0,6.48,6.49,6.5,6.51,6.52,26800,76400,59500,66500,25000,6.47,6.46,6.45,6.44,6.43,110600,74500,77900,18800,42100,0,2018460,34827000,0,6.54,0,6.48,34827550,504615,6.47,902,6.54,,6.52,0,0,000016.SZ,3614071,1041900,20210706,12713934,1956000,6.81,6.3
202642,0,6.48,6.49,6.5,6.51,6.52,16300,76400,59500,61700,25000,6.47,6.46,6.45,6.44,6.43,140100,74500,77900,18800,42100,0,76140,34830000,0,6.54,0,6.47,34830545,19035,6.47,923,6.54,,6.52,0,0,000016.SZ,3598771,1071400,20210706,12800737,1969400,6.82,6.3
206606,0,6.49,6.5,6.51,6.52,6.53,76400,59500,61700,25000,85200,6.48,6.47,6.46,6.45,6.44,5500,130600,74500,77900,18800,0,513280,34833000,0,6.54,0,6.48,34833604,128320,6.47,935,6.54,,6.52,0,0,000016.SZ,3582471,1115000,20210706,12964681,1994700,6.82,6.3
210524,0,6.49,6.5,6.51,6.52,6.53,75600,59500,61700,25000,85200,6.48,6.47,6.46,6.45,6.44,13300,122900,74500,77900,18800,0,1076900,34836000,0,6.54,0,6.49,34836599,269225,6.47,936,6.54,,6.52,0,0,000016.SZ,3581671,1116100,20210706,12969873,1995500,6.82,6.3
214433,0,6.49,6.5,6.51,6.52,6.53,74100,59500,61700,25000,85200,6.48,6.47,6.46,6.45,6.44,30400,107300,74500,77900,18800,0,3015520,34839000,0,6.54,0,6.48,34839594,753880,6.47,940,6.54,,6.52,0,0,000016.SZ,3580171,1117600,20210706,12991920,1998900,6.82,6.31
218355,0,6.49,6.5,6.51,6.52,6.53,73400,59500,61700,25000,85200,6.48,6.47,6.46,6.45,6.44,30600,107300,74500,78000,18800,0,3723208,34842000,0,6.54,0,6.49,34842592,930802,6.47,941,6.54,,6.52,0,0,000016.SZ,3579471,1117400,20210706,12996463,1999600,6.82,6.31
222253,0,6.49,6.5,6.51,6.52,6.53,76600,59500,61700,25000,75200,6.48,6.47,6.46,6.45,6.44,28400,107300,74500,78000,18800,0,1056644,34845000,0,6.54,0,6.48,34845589,264161,6.47,943,6.54,,6.52,0,0,000016.SZ,3572671,1115200,20210706,13010719,2001800,6.82,6.3
226118,0,6.49,6.5,6.51,6.52,6.53,76700,59500,61700,25000,75200,6.48,6.47,6.46,6.45,6.44,28400,107300,74500,78000,18800,0,3158908,34848000,0,6.54,0,6.48,34848581,789727,6.47,943,6.54,,6.52,0,0,000016.SZ,3572771,1116200,20210706,13010719,2001800,6.82,6.3
229982,0,6.49,6.5,6.51,6.52,6.53,76700,49700,61700,25000,75200,6.48,6.47,6.46,6.45,6.44,30300,107300,74500,78000,18800,0,2572244,34851000,0,6.54,0,6.48,34851576,643061,6.47,943,6.54,,6.52,0,0,000016.SZ,3562971,1117700,20210706,13010719,2001800,6.82,6.31
233875,0,6.49,6.5,6.51,6.52,6.53,76700,49700,61700,25000,75200,6.48,6.47,6.46,6.45,6.44,30300,110000,74500,78000,18800,0,2148748,34854000,0,6.54,0,6.48,34854571,537187,6.47,943,6.54,,6.52,0,0,000016.SZ,3565971,1120400,20210706,13010719,2001800,6.82,6.31
237695,0,6.49,6.5,6.51,6.52,6.53,76700,49700,61700,25000,75200,6.48,6.47,6.46,6.45,6.44,30500,110000,74500,76000,18800,0,1162644,34857000,0,6.54,0,6.48,34857567,290661,6.47,943,6.54,,6.52,0,0,000016.SZ,3567971,1118600,20210706,13010719,2001800,6.82,6.31
241539,0,6.49,6.5,6.51,6.52,6.53,76700,49700,61700,25000,75200,6.48,6.47,6.46,6.45,6.44,27300,110000,74500,76000,18800,0,1661568,34860000,0,6.54,0,6.48,34860560,415392,6.47,949,6.54,,6.52,0,0,000016.SZ,3568571,1115400,20210706,13098847,2015400,6.82,6.3
245453,0,6.49,6.5,6.51,6.52,6.53,76700,49700,61700,25000,75200,6.48,6.47,6.46,6.45,6.44,23100,110000,74500,76000,18800,0,52864,34863000,0,6.54,0,6.48,34863620,13216,6.47,951,6.54,,6.52,0,0,000016.SZ,3584671,1111200,20210706,13105327,2016400,6.82,6.3
249309,0,6.49,6.5,6.51,6.52,6.53,76700,49700,61700,25000,75200,6.48,6.47,6.46,6.45,6.44,25200,110000,74500,76000,18800,0,2437308,34866000,0,6.54,0,6.48,34866549,609327,6.47,951,6.54,,6.52,0,0,000016.SZ,3587171,1113300,20210706,13105327,2016400,6.82,6.3
253304,0,6.49,6.5,6.51,6.52,6.53,73000,49700,61700,25000,75200,6.48,6.47,6.46,6.45,6.44,28600,110000,74500,82000,18800,0,879880,34869000,0,6.54,0,6.49,34869608,219970,6.47,957,6.54,,6.52,0,0,000016.SZ,3583471,1125200,20210706,13129340,2020100,6.82,6.31
3611,0,6.49,6.5,6.51,6.52,6.53,3300,49700,61700,25000,75200,6.48,6.47,6.46,6.45,6.44,26500,110000,74500,82900,18800,0,235444,34872000,0,6.54,0,6.49,34872542,58861,6.47,994,6.54,,6.52,0,0,000016.SZ,3523771,1125500,20210706,13442745,2068400,6.83,6.31
7546,0,6.5,6.51,6.52,6.53,6.54,24100,61700,25000,75200,35119,6.49,6.48,6.47,6.46,6.45,600,26200,110000,74500,82900,0,2506812,34875000,0,6.54,0,6.49,34875597,626703,6.47,1000,6.54,,6.52,0,0,000016.SZ,3494871,1125800,20210706,13464162,2071700,6.83,6.31
11448,0,6.5,6.51,6.52,6.53,6.54,20400,61700,25000,75200,35119,6.49,6.48,6.47,6.46,6.45,9200,26200,110000,74500,88900,0,3382500,34878000,0,6.54,0,6.5,34878595,845625,6.47,1001,6.54,,6.52,0,0,000016.SZ,3496171,1140400,20210706,13464812,2071800,6.83,6.31
15333,0,6.5,6.51,6.52,6.53,6.54,20400,61700,25000,75200,35119,6.49,6.48,6.47,6.46,6.45,9200,26200,110000,74500,88900,0,2657200,34881000,0,6.54,0,6.5,34881590,664300,6.47,1001,6.54,,6.52,0,0,000016.SZ,3499271,1152100,20210706,13464812,2071800,6.83,6.31
19241,0,6.5,6.51,6.52,6.53,6.54,20400,61700,25000,75200,35119,6.49,6.48,6.47,6.46,6.45,26500,26200,110000,74500,88900,0,389948,34884000,0,6.54,0,6.5,34884586,97487,6.47,1001,6.54,,6.52,0,0,000016.SZ,3499271,1169400,20210706,13464812,2071800,6.83,6.31
23110,0,6.5,6.51,6.52,6.53,6.54,20400,61700,25000,75200,35119,6.49,6.48,6.47,6.46,6.45,25800,32000,110000,74500,88900,0,2420536,34887000,0,6.54,0,6.49,34887581,605134,6.47,1005,6.54,,6.52,0,0,000016.SZ,3499271,1172500,20210706,13469355,2072500,6.83,6.31
26975,0,6.5,6.51,6.52,6.53,6.54,20400,61700,25000,75200,35119,6.49,6.48,6.47,6.46,6.45,26400,32200,110000,74500,88900,0,850808,34890000,0,6.54,0,6.49,34890577,212702,6.47,1005,6.54,,6.52,0,0,000016.SZ,3498771,1123300,20210706,13469355,2072500,6.83,6.33
30843,0,6.5,6.51,6.52,6.53,6.54,18000,61700,28600,75200,35119,6.49,6.48,6.47,6.46,6.45,29700,32200,110000,74500,88900,0,3520320,34893000,0,6.54,0,6.5,34893570,880080,6.47,1021,6.54,,6.52,0,0,000016.SZ,3499971,1106600,20210706,13494705,2076400,6.83,6.33
34667,0,6.5,6.51,6.52,6.53,6.54,8900,61700,28600,75200,35119,6.49,6.48,6.47,6.46,6.45,29700,32200,110000,74500,88900,0,3860136,34896000,0,6.54,0,6.5,34896564,965034,6.47,1027,6.54,,6.52,0,0,000016.SZ,3490871,1106600,20210706,13553855,2085500,6.83,6.33
38555,0,6.5,6.51,6.52,6.53,6.54,3900,61700,28600,75200,35119,6.49,6.48,6.47,6.46,6.45,29700,32200,114700,74500,89100,0,206588,34899000,0,6.54,0,6.5,34899560,51647,6.47,1030,6.54,,6.52,0,0,000016.SZ,3486171,1132000,20210706,13586355,2090500,6.83,6.33
42399,0,6.5,6.51,6.52,6.53,6.54,700,61700,29000,75200,35119,6.49,6.48,6.47,6.46,6.45,29700,35200,115100,74500,89100,0,1260216,34902000,0,6.54,0,6.5,34902555,315054,6.47,1037,6.54,,6.52,0,0,000016.SZ,3483371,1135400,20210706,13607155,2093700,6.83,6.33
46230,0,6.51,6.52,6.53,6.54,6.55,61700,29000,75200,35119,60800,6.5,6.49,6.48,6.47,6.46,5300,28700,35200,115100,74700,0,668632,34905000,0,6.54,0,6.5,34905551,167158,6.47,1041,6.54,,6.52,0,0,000016.SZ,3482671,1139900,20210706,13616897,2095200,6.83,6.33
50064,0,6.51,6.52,6.53,6.54,6.55,41400,29000,75200,35119,60800,6.5,6.49,6.48,6.47,6.46,10500,28700,35200,115100,74700,0,887492,34908000,0,6.54,0,6.5,34908545,221873,6.47,1041,6.54,,6.52,0,0,000016.SZ,3462371,1145900,20210706,13616897,2095200,6.83,6.33
53876,0,6.51,6.52,6.53,6.54,6.55,41400,29000,75200,35119,60800,6.5,6.49,6.48,6.47,6.46,10500,28700,35200,115100,74700,0,3341492,34911000,0,6.54,0,6.5,34911539,835373,6.47,1041,6.54,,6.52,0,0,000016.SZ,3462371,1145400,20210706,13616897,2095200,6.83,6.33
57707,0,6.51,6.52,6.53,6.54,6.55,42000,29000,75200,35119,60800,6.5,6.49,6.48,6.47,6.46,10300,28400,35200,115100,74700,0,1452364,34914000,0,6.54,0,6.5,34914535,363091,6.47,1042,6.54,,6.52,0,0,000016.SZ,3463971,1175900,20210706,13620147,2095700,6.83,6.34
61584,0,6.51,6.52,6.53,6.54,6.55,42000,34000,75200,35119,60800,6.5,6.49,6.48,6.47,6.46,10400,28400,35200,115100,74700,0,1121928,34917000,0,6.54,0,6.5,34917531,280482,6.47,1042,6.54,,6.52,0,0,000016.SZ,3470471,1178900,20210706,13620147,2095700,6.83,6.34
65408,0,6.51,6.52,6.53,6.54,6.55,42000,34000,75200,35119,61800,6.5,6.49,6.48,6.47,6.46,10400,28400,35200,115100,74700,0,165020,34920000,0,6.54,0,6.5,34920527,41255,6.47,1042,6.54,,6.52,0,0,000016.SZ,3471471,1178900,20210706,13620147,2095700,6.83,6.34
69330,0,6.51,6.52,6.53,6.54,6.55,42000,34000,75200,35119,61800,6.5,6.49,6.48,6.47,6.46,11000,28200,35200,115100,74700,0,1830632,34923000,0,6.54,0,6.5,34923585,457658,6.47,1042,6.54,,6.52,0,0,000016.SZ,3472171,1179300,20210706,13620147,2095700,6.83,6.34
73213,0,6.5,6.51,6.52,6.53,6.54,11100,42000,34000,75200,35119,6.49,6.48,6.47,6.46,6.45,24900,36200,115100,74700,91500,0,2694620,34926000,0,6.54,0,6.5,34926527,673655,6.47,1058,6.54,,6.52,0,0,000016.SZ,3483271,1166000,20210706,13742997,2114600,6.83,6.34
77172,0,6.51,6.52,6.53,6.54,6.55,42000,34000,75200,35119,61800,6.5,6.49,6.48,6.47,6.46,8900,25100,36200,114300,74700,0,411948,34929000,0,6.54,0,6.5,34929576,102987,6.47,1059,6.54,,6.52,0,0,000016.SZ,3472171,1175900,20210706,13815147,2125700,6.83,6.34
81053,0,6.5,6.51,6.52,6.53,6.54,9300,42000,34000,75200,35119,6.49,6.48,6.47,6.46,6.45,25100,36200,114300,74700,91500,0,3602164,34932000,0,6.54,0,6.5,34932571,900541,6.47,1062,6.54,,6.52,0,0,000016.SZ,3485171,1165100,20210706,13907447,2139900,6.83,6.34
84942,0,6.5,6.51,6.52,6.53,6.54,11700,42000,34000,75200,35119,6.49,6.48,6.47,6.46,6.45,25100,36600,114300,74700,91500,0,1891824,34935000,0,6.54,0,6.5,34935564,472956,6.47,1062,6.54,,6.52,0,0,000016.SZ,3487571,1165500,20210706,13907447,2139900,6.83,6.34
88854,0,6.5,6.51,6.52,6.53,6.54,12300,42000,34000,75200,35119,6.49,6.48,6.47,6.46,6.45,25100,36600,114300,74700,91500,0,3883132,34938000,0,6.54,0,6.5,34938559,970783,6.47,1063,6.54,,6.52,0,0,000016.SZ,3484471,1165500,20210706,13909397,2140200,6.83,6.34
96564,0,6.5,6.51,6.52,6.53,6.54,12700,42000,34000,75200,35119,6.49,6.48,6.47,6.46,6.45,27200,36600,114300,74700,91500,0,1883452,34944000,0,6.54,0,6.5,34944549,470863,6.47,1063,6.54,,6.52,0,0,000016.SZ,3490471,1168600,20210706,13909397,2140200,6.83,6.34
100460,0,6.5,6.51,6.52,6.53,6.54,6200,42000,34000,75200,35119,6.49,6.48,6.47,6.46,6.45,27200,36600,114300,75700,91500,0,2797284,34947000,0,6.54,0,6.5,34947545,699321,6.47,1066,6.54,,6.52,0,0,000016.SZ,3484971,1169600,20210706,13964647,2148700,6.83,6.34
104316,0,6.5,6.51,6.52,6.53,6.54,2800,42000,34000,75200,35119,6.49,6.48,6.47,6.46,6.45,27200,36600,114300,75700,91500,0,1263540,34950000,0,6.54,0,6.5,34950540,315885,6.47,1070,6.54,,6.52,0,0,000016.SZ,3481571,1169600,20210706,13986747,2152100,6.83,6.34
108157,0,6.51,6.52,6.53,6.54,6.55,43400,34000,75200,35119,61800,6.49,6.48,6.47,6.46,6.45,22100,36600,114300,75700,91500,0,251244,34953000,0,6.54,0,6.49,34953536,62811,6.47,1079,6.54,,6.52,0,0,000016.SZ,3485271,1167500,20210706,14038048,2160000,6.83,6.34
111992,0,6.51,6.52,6.53,6.54,6.55,45400,34000,75200,35119,61800,6.49,6.48,6.47,6.46,6.45,23400,36600,114300,78800,91500,0,1202260,34956000,0,6.54,0,6.49,34956530,300565,6.47,1080,6.54,,6.52,0,0,000016.SZ,3494271,1176900,20210706,14051028,2162000,6.83,6.34
115804,0,6.5,6.51,6.52,6.53,6.54,8300,45400,34000,75200,35119,6.49,6.48,6.47,6.46,6.45,23400,36600,114300,78800,91500,0,3954172,34959000,0,6.54,0,6.5,34959526,988543,6.47,1081,6.54,,6.52,0,0,000016.SZ,3503971,1176900,20210706,14057528,2163000,6.83,6.34
119722,0,6.5,6.51,6.52,6.53,6.54,8300,45400,34000,75200,35119,6.49,6.48,6.47,6.46,6.45,23400,36600,114300,78800,91500,0,426228,34962000,0,6.54,0,6.5,34962585,106557,6.47,1081,6.54,,6.52,0,0,000016.SZ,3503971,1130200,20210706,14057528,2163000,6.83,6.33
123484,0,6.5,6.51,6.52,6.53,6.54,8300,45400,34000,75200,35119,6.49,6.48,6.47,6.46,6.45,23900,36800,114300,78800,91500,0,874052,34965000,0,6.54,0,6.5,34965520,218513,6.47,1081,6.54,,6.52,0,0,000016.SZ,3503971,1130900,20210706,14057528,2163000,6.83,6.33
127381,0,6.5,6.51,6.52,6.53,6.54,8300,45400,34000,75200,35119,6.49,6.48,6.47,6.46,6.45,28800,36800,115300,88800,91500,0,948852,34968000,0,6.54,0,6.5,34968576,237213,6.47,1081,6.54,,6.52,0,0,000016.SZ,3503971,1146800,20210706,14057528,2163000,6.83,6.34
131210,0,6.5,6.51,6.52,6.53,6.54,8300,45400,34000,75200,35119,6.49,6.48,6.47,6.46,6.45,28800,36500,115300,88800,93500,0,2644224,34971000,0,6.54,0,6.5,34971568,661056,6.47,1081,6.54,,6.52,0,0,000016.SZ,3509971,1152300,20210706,14057528,2163000,6.83,6.34
135040,0,6.5,6.51,6.52,6.53,6.54,8300,45400,34000,80200,35119,6.49,6.48,6.47,6.46,6.45,30300,36500,115300,88800,93500,0,963436,34974000,0,6.54,0,6.5,34974566,240859,6.47,1081,6.54,,6.52,0,0,000016.SZ,3514971,1153800,20210706,14057528,2163000,6.83,6.34
138872,0,6.5,6.51,6.52,6.53,6.54,30800,45400,34000,80200,35119,6.49,6.48,6.47,6.46,6.45,30500,29500,115300,88800,93500,0,2495840,34977000,0,6.54,0,6.5,34977559,623960,6.47,1081,6.54,,6.52,0,0,000016.SZ,3542471,1147000,20210706,14057528,2163000,6.83,6.34
142747,0,6.5,6.51,6.52,6.53,6.54,30800,45400,34000,80200,35119,6.49,6.48,6.47,6.46,6.45,30500,30500,115300,88800,93500,0,2171028,34980000,0,6.54,0,6.5,34980553,542757,6.47,1081,6.54,,6.52,0,0,000016.SZ,3546471,1148000,20210706,14057528,2163000,6.83,6.34
146583,0,6.5,6.51,6.52,6.53,6.54,62600,45400,34000,80200,35119,6.49,6.48,6.47,6.46,6.45,32600,30500,115300,88800,93500,0,2251992,34983000,0,6.54,0,6.5,34983553,562998,6.47,1081,6.54,,6.52,0,0,000016.SZ,3580271,1150100,20210706,14057528,2163000,6.82,6.34
150477,0,6.5,6.51,6.52,6.53,6.54,62600,45400,34000,80200,35119,6.49,6.48,6.47,6.46,6.45,32600,29500,115300,88800,93500,0,1410552,34986000,0,6.54,0,6.5,34986547,352638,6.47,1081,6.54,,6.52,0,0,000016.SZ,3581071,1149100,20210706,14057528,2163000,6.82,6.34
154364,0,6.5,6.51,6.52,6.53,6.54,62600,45400,34000,80200,35119,6.49,6.48,6.47,6.46,6.45,31000,29500,115300,88800,93500,0,2248612,34989000,0,6.54,0,6.49,34989543,562153,6.47,1082,6.54,,6.52,0,0,000016.SZ,3581071,1147500,20210706,14067912,2164600,6.82,6.34
158269,0,6.5,6.51,6.52,6.53,6.54,62600,45400,34000,80200,35119,6.49,6.48,6.47,6.46,6.45,29000,29500,115300,88800,93500,0,829840,34992000,0,6.54,0,6.49,34992536,207460,6.47,1083,6.54,,6.52,0,0,000016.SZ,3581071,1145500,20210706,14080892,2166600,6.82,6.33
162157,0,6.5,6.51,6.52,6.53,6.54,62600,45400,34000,80200,35119,6.49,6.48,6.47,6.46,6.45,29000,29500,115300,78800,93500,0,663016,34995000,0,6.54,0,6.49,34995532,165754,6.47,1083,6.54,,6.52,0,0,000016.SZ,3581071,1130000,20210706,14080892,2166600,6.82,6.34
169924,0,6.5,6.51,6.52,6.53,6.54,62600,45400,34000,80200,35119,6.49,6.48,6.47,6.46,6.45,29000,29500,115300,78800,93500,0,1235836,35001000,0,6.54,0,6.49,35001524,308959,6.47,1083,6.54,,6.52,0,0,000016.SZ,3580071,1130000,20210706,14080892,2166600,6.82,6.34
173808,0,6.5,6.51,6.52,6.53,6.54,62600,45400,34000,80200,35119,6.49,6.48,6.47,6.46,6.45,29200,29500,115300,78800,93500,0,366504,35004000,0,6.54,0,6.49,35004521,91626,6.47,1083,6.54,,6.52,0,0,000016.SZ,3578071,1126400,20210706,14080892,2166600,6.82,6.34
177713,0,6.5,6.51,6.52,6.53,6.54,54400,45400,34000,80200,35119,6.49,6.48,6.47,6.46,6.45,24800,29500,115300,75700,93500,0,256076,35007000,0,6.54,0,6.49,35007573,64019,6.47,1086,6.54,,6.52,0,0,000016.SZ,3569871,1118900,20210706,14109448,2171000,6.83,6.34
181587,0,6.5,6.51,6.52,6.53,6.54,58700,45400,34000,80200,35119,6.49,6.48,6.47,6.46,6.45,25200,29500,115300,75700,93500,0,3856388,35010000,0,6.54,0,6.49,35010570,964097,6.47,1086,6.54,,6.52,0,0,000016.SZ,3574171,1119300,20210706,14109448,2171000,6.83,6.34
185394,0,6.5,6.51,6.52,6.53,6.54,58700,45400,34000,80200,35119,6.49,6.48,6.47,6.46,6.45,25200,29500,115300,75700,93500,0,3338048,35013000,0,6.54,0,6.49,35013570,834512,6.47,1086,6.54,,6.52,0,0,000016.SZ,3578971,1121300,20210706,14109448,2171000,6.83,6.33
189259,0,6.5,6.51,6.52,6.53,6.54,58700,45400,34000,80200,35119,6.49,6.48,6.47,6.46,6.45,15700,29500,115300,75700,92600,0,820976,35016000,0,6.54,0,6.49,35016561,205244,6.47,1092,6.54,,6.52,0,0,000016.SZ,3579071,1110900,20210706,14171103,2180500,6.83,6.33
193154,0,6.5,6.51,6.52,6.53,6.54,58700,45400,34000,80200,35119,6.49,6.48,6.47,6.46,6.45,15600,29500,115300,75700,92600,0,952228,35019000,0,6.54,0,6.49,35019557,238057,6.47,1093,6.54,,6.52,0,0,000016.SZ,3579071,1110800,20210706,14171752,2180600,6.83,6.33
196985,0,6.5,6.51,6.52,6.53,6.54,58700,45400,34000,80200,35119,6.49,6.48,6.47,6.46,6.45,6500,29500,115300,75700,92600,0,3795744,35022000,0,6.54,0,6.49,35022549,948936,6.47,1104,6.54,,6.52,0,0,000016.SZ,3586071,1101700,20210706,14243791,2191700,6.82,6.33
200794,0,6.5,6.51,6.52,6.53,6.54,58700,45400,34000,80200,35119,6.49,6.48,6.47,6.46,6.45,3300,30400,115300,75700,92600,0,2279664,35025000,0,6.54,0,6.49,35025545,569916,6.47,1108,6.54,,6.52,0,0,000016.SZ,3586071,1099400,20210706,14264559,2194900,6.82,6.33
204577,0,6.5,6.51,6.52,6.53,6.54,58700,45400,34000,80200,35119,6.49,6.48,6.47,6.46,6.45,1700,30400,115300,60100,92600,0,3079108,35028000,0,6.54,0,6.49,35028541,769777,6.47,1115,6.54,,6.52,0,0,000016.SZ,3587871,1082200,20210706,14274943,2196500,6.82,6.33
208392,0,6.49,6.5,6.51,6.52,6.53,3100,58700,45400,34000,80200,6.48,6.47,6.46,6.45,6.44,30400,115300,60100,92600,23800,0,2961076,35031000,0,6.54,0,6.49,35031536,740269,6.47,1120,6.54,,6.52,0,0,000016.SZ,3590971,1082500,20210706,14285976,2198200,6.82,6.33
212206,0,6.49,6.5,6.51,6.52,6.53,2900,58700,45400,34000,80200,6.48,6.47,6.46,6.45,6.44,26800,115300,60100,92600,23800,0,1135240,35034000,0,6.54,0,6.48,35034531,283810,6.47,1129,6.54,,6.52,0,0,000016.SZ,3612771,1078900,20210706,14303472,2200900,6.82,6.33
216093,0,6.49,6.5,6.51,6.52,6.53,2600,58900,45400,34000,80200,6.48,6.47,6.46,6.45,6.44,26800,110300,60100,92600,23800,0,2710780,35037000,0,6.54,0,6.49,35037589,677695,6.47,1130,6.54,,6.52,0,0,000016.SZ,3612471,1073900,20210706,14304121,2201000,6.82,6.33
219997,0,6.49,6.5,6.51,6.52,6.53,17800,59300,45400,34000,80200,6.48,6.47,6.46,6.45,6.44,31700,110300,60100,92600,23800,0,2965924,35040000,0,6.54,0,6.49,35040585,741481,6.47,1130,6.54,,6.52,0,0,000016.SZ,3630571,1080800,20210706,14304121,2201000,6.82,6.33
223843,0,6.49,6.5,6.51,6.52,6.53,50700,58800,45400,34000,80200,6.48,6.47,6.46,6.45,6.44,33800,110300,60100,92600,23800,0,1417120,35043000,0,6.54,0,6.49,35043581,354280,6.47,1130,6.54,,6.52,0,0,000016.SZ,3662971,1082900,20210706,14304121,2201000,6.82,6.33
231671,0,6.49,6.5,6.51,6.52,6.53,53700,58800,45400,34000,80200,6.48,6.47,6.46,6.45,6.44,33800,110300,60100,93500,23800,0,3056632,35049000,0,6.54,0,6.49,35049570,764158,6.47,1130,6.54,,6.52,0,0,000016.SZ,3664371,1083800,20210706,14304121,2201000,6.82,6.33
235538,0,6.49,6.5,6.51,6.52,6.53,53700,58800,45400,34000,83200,6.48,6.47,6.46,6.45,6.44,33000,110300,65100,93500,23800,0,1961124,35052000,0,6.54,0,6.49,35052563,490281,6.47,1130,6.54,,6.52,0,0,000016.SZ,3667371,1088000,20210706,14304121,2201000,6.82,6.33
239409,0,6.49,6.5,6.51,6.52,6.53,53300,58700,45400,34000,83200,6.48,6.47,6.46,6.45,6.44,33000,110000,65100,93500,23800,0,2125664,35055000,0,6.54,0,6.49,35055560,531416,6.47,1132,6.54,,6.52,0,0,000016.SZ,3669471,1087700,20210706,14306717,2201400,6.82,6.33
243258,0,6.49,6.5,6.51,6.52,6.53,88300,58700,45400,34000,83400,6.48,6.47,6.46,6.45,6.44,32900,110000,65100,93500,23800,0,141888,35058000,0,6.54,0,6.49,35058557,35472,6.47,1137,6.54,,6.52,0,0,000016.SZ,3704771,1087600,20210706,14404715,2216500,6.82,6.33
247108,0,6.49,6.5,6.51,6.52,6.53,88300,58700,45400,34000,83400,6.48,6.47,6.46,6.45,6.44,18000,110000,65100,93500,23800,0,1437076,35061000,0,6.54,0,6.48,35061549,359269,6.47,1145,6.54,,6.52,0,0,000016.SZ,3705771,1072700,20210706,14501915,2231500,6.82,6.33
250965,0,6.49,6.5,6.51,6.52,6.53,88100,58700,45400,34000,83400,6.48,6.47,6.46,6.45,6.44,20400,110000,65100,93500,23800,0,2930304,35064000,0,6.54,0,6.49,35064546,732576,6.47,1146,6.54,,6.52,0,0,000016.SZ,3705571,1075100,20210706,14503862,2231800,6.82,6.33
1898,0,6.48,6.49,6.5,6.51,6.52,54700,88000,58700,45400,34000,6.47,6.46,6.45,6.44,6.43,110000,65100,93500,23800,47600,0,861544,35067000,0,6.54,0,6.48,35067541,215386,6.47,1165,6.54,,6.52,0,0,000016.SZ,3760171,1054700,20210706,14636703,2252300,6.81,6.33
5766,0,6.48,6.49,6.5,6.51,6.52,69700,88000,58700,42200,34000,6.47,6.46,6.45,6.44,6.43,110000,65600,93500,23800,47600,0,2014116,35070000,0,6.54,0,6.48,35070539,503529,6.47,1165,6.54,,6.52,0,0,000016.SZ,3774971,1055200,20210706,14636703,2252300,6.81,6.33
9586,0,6.48,6.49,6.5,6.51,6.52,69700,88000,58700,42200,79600,6.47,6.46,6.45,6.44,6.43,111000,60600,93500,23800,47600,0,3464968,35073000,0,6.54,0,6.48,35073532,866242,6.47,1165,6.54,,6.52,0,0,000016.SZ,3821071,1051200,20210706,14636703,2252300,6.81,6.32
13446,0,6.48,6.49,6.5,6.51,6.52,107700,87500,58700,42200,79600,6.47,6.46,6.45,6.44,6.43,111000,60600,93500,23800,47600,0,3328584,35076000,0,6.54,0,6.48,35076527,832146,6.47,1165,6.54,,6.52,0,0,000016.SZ,3858571,1057200,20210706,14636703,2252300,6.8,6.33
17276,0,6.48,6.49,6.5,6.51,6.52,125400,87500,58700,42200,79600,6.47,6.46,6.45,6.44,6.43,113000,60600,93500,23800,47600,0,3939968,35079000,0,6.54,0,6.48,35079524,984992,6.47,1165,6.54,,6.52,0,0,000016.SZ,3876271,1059200,20210706,14636703,2252300,6.8,6.33
21078,0,6.48,6.49,6.5,6.51,6.52,132000,87500,58700,42200,79600,6.47,6.46,6.45,6.44,6.43,113000,60600,98500,23800,47600,0,263204,35082000,0,6.54,0,6.48,35082522,65801,6.47,1165,6.54,,6.52,0,0,000016.SZ,3899871,1064200,20210706,14636703,2252300,6.8,6.33
24919,0,6.48,6.49,6.5,6.51,6.52,124000,87500,58700,42200,79600,6.47,6.46,6.45,6.44,6.43,108200,60600,98500,23800,47600,0,2268084,35085000,0,6.54,0,6.47,35085575,567021,6.47,1168,6.54,,6.52,0,0,000016.SZ,3891871,1059400,20210706,14728023,2266400,6.8,6.33
28729,0,6.48,6.49,6.5,6.51,6.52,124000,87500,60300,42200,76000,6.47,6.46,6.45,6.44,6.43,109300,65600,98500,23800,47600,0,458408,35088000,0,6.54,0,6.47,35088570,114602,6.47,1170,6.54,,6.52,0,0,000016.SZ,3889871,1065500,20210706,14743551,2268800,6.8,6.33
32536,0,6.48,6.49,6.5,6.51,6.52,107500,87500,60300,42200,76000,6.47,6.46,6.45,6.44,6.43,109300,65600,98500,23800,47600,0,3069692,35091000,0,6.54,0,6.47,35091563,767423,6.47,1170,6.54,,6.52,0,0,000016.SZ,3873371,1065500,20210706,14743551,2268800,6.8,6.33
36355,0,6.48,6.49,6.5,6.51,6.52,106200,87500,60300,42200,76000,6.47,6.46,6.45,6.44,6.43,107500,65600,98500,23800,47600,0,2567128,35094000,0,6.54,0,6.48,35094561,641782,6.47,1172,6.54,,6.52,0,0,000016.SZ,3872071,1063700,20210706,14763621,2271900,6.8,6.33
40145,0,6.48,6.49,6.5,6.51,6.52,106200,87500,60300,42200,76000,6.47,6.46,6.45,6.44,6.43,107700,65600,98500,23800,47600,0,2440848,35097000,0,6.54,0,6.48,35097554,610212,6.47,1172,6.54,,6.52,0,0,000016.SZ,3872071,1063900,20210706,14763621,2271900,6.8,6.33
43948,0,6.48,6.49,6.5,6.51,6.52,106200,87500,37800,49200,76000,6.47,6.46,6.45,6.44,6.43,91100,65600,98500,23800,47600,0,1152560,35100000,0,6.54,0,6.47,35100551,288140,6.47,1180,6.54,,6.52,0,0,000016.SZ,3856571,1051000,20210706,14871023,2288500,6.8,6.32
47820,0,6.48,6.49,6.5,6.51,6.52,106200,85500,37800,49200,76300,6.47,6.46,6.45,6.44,6.43,91100,65600,98500,23800,47600,0,809080,35103000,0,6.54,0,6.47,35103609,202270,6.47,1180,6.54,,6.52,0,0,000016.SZ,3854871,1051000,20210706,14871023,2288500,6.8,6.32
51671,0,6.48,6.49,6.5,6.51,6.52,112600,85500,37800,49200,76300,6.47,6.46,6.45,6.44,6.43,64700,65600,98500,23800,47600,0,638808,35106000,0,6.54,0,6.47,35106545,159702,6.47,1184,6.54,,6.52,0,0,000016.SZ,3861271,1019600,20210706,15052830,2316600,6.8,6.32
55529,0,6.48,6.49,6.5,6.51,6.52,112600,85500,37800,49200,76300,6.47,6.46,6.45,6.44,6.43,64700,65600,98500,23800,47600,0,3908376,35109000,0,6.54,0,6.47,35109535,977094,6.47,1184,6.54,,6.52,0,0,000016.SZ,3861271,1021200,20210706,15052830,2316600,6.8,6.32
59420,0,6.48,6.49,6.5,6.51,6.52,112600,85500,37800,49200,76300,6.47,6.46,6.45,6.44,6.43,61200,66600,99000,23800,47600,0,763612,35112000,0,6.54,0,6.47,35112535,190903,6.47,1184,6.54,,6.52,0,0,000016.SZ,3861271,1019200,20210706,15052830,2316600,6.8,6.32
63312,0,6.48,6.49,6.5,6.51,6.52,112600,85500,37800,49200,76300,6.47,6.46,6.45,6.44,6.43,61200,66600,99000,23800,47600,0,3077404,35115000,0,6.54,0,6.47,35115531,769351,6.47,1184,6.54,,6.52,0,0,000016.SZ,3861271,1020100,20210706,15052830,2316600,6.8,6.32
67158,0,6.48,6.49,6.5,6.51,6.52,112600,85500,37800,49200,76300,6.47,6.46,6.45,6.44,6.43,57400,66600,99000,23800,47600,0,2669348,35118000,0,6.54,0,6.47,35118524,667337,6.47,1185,6.54,,6.52,0,0,000016.SZ,3861271,1016300,20210706,15077416,2320400,6.8,6.32
71017,0,6.48,6.49,6.5,6.51,6.52,112600,85500,37800,49200,76300,6.47,6.46,6.45,6.44,6.43,56900,66600,99000,23800,47600,0,452724,35121000,0,6.54,0,6.47,35121529,113181,6.47,1186,6.54,,6.52,0,0,000016.SZ,3861271,1015800,20210706,15081298,2321000,6.8,6.32
74891,0,6.48,6.49,6.5,6.51,6.52,112600,85500,38300,49200,76300,6.47,6.46,6.45,6.44,6.43,56700,66600,99000,23800,47600,0,2823980,35124000,0,6.54,0,6.47,35124574,705995,6.47,1188,6.54,,6.52,0,0,000016.SZ,3862971,1015600,20210706,15084533,2321500,6.8,6.32
78758,0,6.48,6.49,6.5,6.51,6.52,112600,85500,38300,49200,76300,6.47,6.46,6.45,6.44,6.43,48900,66600,99000,23800,47600,0,1658836,35127000,0,6.54,0,6.47,35127568,414709,6.47,1190,6.54,,6.52,0,0,000016.SZ,3862971,1007800,20210706,15134999,2329300,6.8,6.32
82619,0,6.48,6.49,6.5,6.51,6.52,112600,85500,38300,49200,76300,6.47,6.46,6.45,6.44,6.43,47500,66600,99000,23800,47600,0,75228,35130000,0,6.54,0,6.47,35130567,18807,6.47,1191,6.54,,6.52,0,0,000016.SZ,3862971,1006400,20210706,15144704,2330800,6.8,6.32
86453,0,6.48,6.49,6.5,6.51,6.52,112600,85400,38800,49200,76300,6.47,6.46,6.45,6.44,6.43,47000,66600,99000,23800,47600,0,422224,35133000,0,6.54,0,6.47,35133560,105556,6.47,1193,6.54,,6.52,0,0,000016.SZ,3863371,1005900,20210706,15172525,2335100,6.8,6.32
90299,0,6.48,6.49,6.5,6.51,6.52,112600,85400,38800,49200,76300,6.47,6.46,6.45,6.44,6.43,47100,66600,99000,23800,47600,0,3498716,35136000,0,6.54,0,6.47,35136554,874679,6.47,1193,6.54,,6.52,0,0,000016.SZ,3863371,1006000,20210706,15172525,2335100,6.8,6.32
94119,0,6.48,6.49,6.5,6.51,6.52,114000,85400,38800,49200,76300,6.47,6.46,6.45,6.44,6.43,47000,66600,99000,23800,47600,0,1188552,35139000,0,6.54,0,6.47,35139553,297138,6.47,1194,6.54,,6.52,0,0,000016.SZ,3864771,1005900,20210706,15173172,2335200,6.8,6.32
97922,0,6.47,6.48,6.49,6.5,6.51,203700,113600,85400,38800,48900,6.46,6.45,6.44,6.43,6.42,82200,99000,23800,47600,109500,0,1912052,35142000,0,6.54,0,6.47,35142546,478013,6.47,1216,6.54,,6.52,0,0,000016.SZ,4073271,974500,20210706,15477262,2382200,6.79,6.31
101727,0,6.47,6.48,6.49,6.5,6.51,208700,113600,85400,38800,48900,6.46,6.45,6.44,6.43,6.42,82700,99000,23800,57600,109500,0,3936508,35145000,0,6.54,0,6.47,35145544,984127,6.47,1216,6.54,,6.52,0,0,000016.SZ,4078271,985000,20210706,15477262,2382200,6.79,6.32
105537,0,6.47,6.48,6.49,6.5,6.51,209700,113600,85400,38800,48900,6.46,6.45,6.44,6.43,6.42,82800,99000,23800,57600,109500,0,1413556,35148000,0,6.54,0,6.47,35148536,353389,6.47,1216,6.54,,6.52,0,0,000016.SZ,4079271,985100,20210706,15477262,2382200,6.79,6.32
109370,0,6.46,6.47,6.48,6.49,6.5,42400,187200,88200,67000,20600,6.45,6.44,6.43,6.42,6.41,100000,23800,57600,109500,68500,0,3708,35151000,0,6.54,0,6.46,35151531,927,6.46,1289,6.54,,6.52,0,0,000016.SZ,4037171,903300,20210706,16014734,2465400,6.79,6.3
113169,0,6.46,6.47,6.48,6.49,6.5,40800,187200,88200,67000,18400,6.45,6.44,6.43,6.42,6.41,100200,23800,57600,109500,68500,0,50204,35154000,0,6.54,0,6.46,35154528,12551,6.46,1295,6.54,,6.52,0,0,000016.SZ,4033371,904500,20210706,16023132,2466700,6.79,6.3
116937,0,6.46,6.47,6.48,6.49,6.5,40800,187200,88200,67000,18400,6.45,6.44,6.43,6.42,6.41,101600,23800,57600,108800,68500,0,669088,35157000,0,6.54,0,6.45,35157525,167272,6.45,1298,6.54,,6.52,0,0,000016.SZ,4033371,901500,20210706,16033452,2468300,6.79,6.3
120715,0,6.46,6.47,6.48,6.49,6.5,51600,187200,88200,60400,9600,6.45,6.44,6.43,6.42,6.41,97000,23800,57600,108800,68500,0,418104,35160000,0,6.54,0,6.45,35160522,104526,6.45,1304,6.54,,6.52,0,0,000016.SZ,4030271,896900,20210706,16068286,2473700,6.79,6.3
124526,0,6.46,6.47,6.48,6.49,6.5,48600,187200,88200,60400,9600,6.45,6.44,6.43,6.42,6.41,94000,23800,57600,108800,68500,0,2278032,35163000,0,6.54,0,6.46,35163578,569508,6.45,1308,6.54,,6.52,0,0,000016.SZ,4027271,893900,20210706,16087666,2476700,6.79,6.3
128454,0,6.46,6.47,6.48,6.49,6.5,11200,187200,73200,60400,9600,6.45,6.44,6.43,6.42,6.41,94000,23800,57600,108800,68500,0,2930852,35166000,0,6.54,0,6.46,35166570,732713,6.45,1308,6.54,,6.52,0,0,000016.SZ,3974871,897600,20210706,16087666,2476700,6.79,6.3
132444,0,6.47,6.48,6.49,6.5,6.51,187200,73200,60400,9600,49000,6.46,6.45,6.44,6.43,6.42,15400,96000,23800,57600,108800,0,2479556,35169000,0,6.54,0,6.46,35169568,619889,6.45,1325,6.54,,6.52,0,0,000016.SZ,3965871,917800,20210706,16172938,2489900,6.79,6.31
136481,0,6.47,6.48,6.49,6.5,6.51,6000,73200,60400,9600,49000,6.46,6.45,6.44,6.43,6.42,18200,96000,23800,57600,108800,0,1842968,35172000,0,6.54,0,6.47,35172559,460742,6.45,1358,6.54,,6.52,0,0,000016.SZ,3784671,920600,20210706,17246310,2655800,6.81,6.31
140404,0,6.48,6.49,6.5,6.51,6.52,59700,60400,9600,49000,76300,6.47,6.46,6.45,6.44,6.43,21900,23700,94000,23800,58600,0,2008936,35175000,0,6.54,0,6.48,35175555,502234,6.45,1376,6.54,,6.52,0,0,000016.SZ,3765171,951500,20210706,17296143,2663500,6.81,6.31
144217,0,6.48,6.49,6.5,6.51,6.52,47300,60400,9600,49000,76300,6.47,6.46,6.45,6.44,6.43,22800,21400,94000,23800,58600,0,3885240,35178000,0,6.54,0,6.48,35178549,971310,6.45,1387,6.54,,6.52,0,0,000016.SZ,3752771,950100,20210706,17325303,2668000,6.81,6.31
148089,0,6.48,6.49,6.5,6.51,6.52,46900,60400,9600,49000,76300,6.47,6.46,6.45,6.44,6.43,48200,36400,94000,25800,58600,0,3260188,35181000,0,6.54,0,6.48,35181545,815047,6.45,1388,6.54,,6.52,0,0,000016.SZ,3752371,992500,20210706,17327895,2668400,6.81,6.32
151933,0,6.48,6.49,6.5,6.51,6.52,44800,60400,9600,49000,76300,6.47,6.46,6.45,6.44,6.43,44000,36400,94000,25800,58600,0,3744516,35184000,0,6.54,0,6.47,35184541,936129,6.45,1397,6.54,,6.52,0,0,000016.SZ,3750271,988000,20210706,17367383,2674500,6.81,6.32
155784,0,6.48,6.49,6.5,6.51,6.52,44400,60400,9600,49000,76300,6.47,6.46,6.45,6.44,6.43,41700,36300,94000,28300,58600,0,2197552,35187000,0,6.54,0,6.48,35187538,549388,6.45,1399,6.54,,6.52,0,0,000016.SZ,3749871,988100,20210706,17369975,2674900,6.81,6.32
159643,0,6.48,6.49,6.5,6.51,6.52,38900,60400,9600,49000,76300,6.47,6.46,6.45,6.44,6.43,41800,36300,94000,28300,59300,0,102496,35190000,0,6.54,0,6.48,35190533,25624,6.45,1408,6.54,,6.52,0,0,000016.SZ,3744371,989900,20210706,17405615,2680400,6.81,6.32
163466,0,6.48,6.49,6.5,6.51,6.52,37700,60400,9600,49000,76300,6.47,6.46,6.45,6.44,6.43,41300,36100,94000,28300,59300,0,782324,35193000,0,6.54,0,6.48,35193529,195581,6.45,1411,6.54,,6.52,0,0,000016.SZ,3743171,1013300,20210706,17416626,2682100,6.81,6.32
167309,0,6.48,6.49,6.5,6.51,6.52,35400,60400,9600,49000,76300,6.47,6.46,6.45,6.44,6.43,41300,36700,94000,28300,59300,0,1260332,35196000,0,6.54,0,6.48,35196525,315083,6.45,1414,6.54,,6.52,0,0,000016.SZ,3741671,1013900,20210706,17431530,2684400,6.81,6.32
171107,0,6.48,6.49,6.5,6.51,6.52,33800,60400,9600,49000,76300,6.47,6.46,6.45,6.44,6.43,41700,36700,94000,28300,59300,0,414496,35199000,0,6.54,0,6.48,35199521,103624,6.45,1417,6.54,,6.52,0,0,000016.SZ,3740671,1015300,20210706,17441898,2686000,6.81,6.32
174884,0,6.48,6.49,6.5,6.51,6.52,33800,60400,9600,49200,76300,6.47,6.46,6.45,6.44,6.43,41700,36700,94000,28300,64300,0,3778616,35202000,0,6.54,0,6.48,35202572,944654,6.45,1417,6.54,,6.52,0,0,000016.SZ,3740871,1018700,20210706,17441898,2686000,6.81,6.32
178664,0,6.48,6.49,6.5,6.51,6.52,33700,60400,9600,49200,76300,6.47,6.46,6.45,6.44,6.43,41700,39500,94000,28300,64300,0,3766132,35205000,0,6.54,0,6.48,35205516,941533,6.45,1418,6.54,,6.52,0,0,000016.SZ,3739671,1021500,20210706,17442546,2686100,6.81,6.32
182501,0,6.48,6.49,6.5,6.51,6.52,33600,60400,9600,49200,76300,6.47,6.46,6.45,6.44,6.43,46600,39500,94400,30400,64300,0,3853816,35208000,0,6.54,0,6.48,35208564,963454,6.45,1419,6.54,,6.52,0,0,000016.SZ,3739571,1028900,20210706,17445786,2686600,6.81,6.32
186293,0,6.48,6.49,6.5,6.51,6.52,34100,60400,9600,49200,76300,6.47,6.46,6.45,6.44,6.43,45800,39500,94400,30400,64300,0,211536,35211000,0,6.54,0,6.47,35211560,52884,6.45,1420,6.54,,6.52,0,0,000016.SZ,3742071,1033100,20210706,17458726,2688600,6.81,6.32
190048,0,6.48,6.49,6.5,6.51,6.52,34100,60400,9600,49200,76300,6.47,6.46,6.45,6.44,6.43,46700,39500,94400,30400,64300,0,2391468,35214000,0,6.54,0,6.47,35214554,597867,6.45,1420,6.54,,6.52,0,0,000016.SZ,3740071,1039000,20210706,17458726,2688600,6.81,6.32
193811,0,6.48,6.49,6.5,6.51,6.52,34100,60400,9600,49200,76300,6.47,6.46,6.45,6.44,6.43,46900,39500,94400,30400,64300,0,3452972,35217000,0,6.54,0,6.47,35217549,863243,6.45,1420,6.54,,6.52,0,0,000016.SZ,3720571,1039200,20210706,17458726,2688600,6.81,6.32
197596,0,6.48,6.49,6.5,6.51,6.52,34100,60400,9600,54200,76300,6.47,6.46,6.45,6.44,6.43,43700,39500,94400,30400,64300,0,3920084,35220000,0,6.54,0,6.47,35220545,980021,6.45,1422,6.54,,6.52,0,0,000016.SZ,3725771,1036000,20210706,17479430,2691800,6.81,6.32
201456,0,6.48,6.49,6.5,6.51,6.52,34100,60400,9600,54200,76300,6.47,6.46,6.45,6.44,6.43,43700,39500,94400,30400,64300,0,679880,35223000,0,6.54,0,6.47,35223604,169970,6.45,1422,6.54,,6.52,0,0,000016.SZ,3784871,1037000,20210706,17479430,2691800,6.81,6.32
205219,0,6.48,6.49,6.5,6.51,6.52,34100,60400,9600,54200,76300,6.47,6.46,6.45,6.44,6.43,43700,39500,88400,30400,64300,0,2373564,35226000,0,6.54,0,6.47,35226538,593391,6.45,1422,6.54,,6.52,0,0,000016.SZ,3784871,1031000,20210706,17479430,2691800,6.81,6.32
209054,0,6.49,6.5,6.51,6.52,6.53,60400,9600,54200,76300,84000,6.48,6.47,6.46,6.45,6.44,600,73700,39500,88400,30400,0,3004916,35229000,0,6.54,0,6.48,35229533,751229,6.45,1431,6.54,,6.52,0,0,000016.SZ,3750771,1061600,20210706,17700398,2725900,6.81,6.33
212906,0,6.49,6.5,6.51,6.52,6.53,53000,8000,54200,76300,84000,6.48,6.47,6.46,6.45,6.44,6700,73700,39500,88400,30400,0,1481588,35232000,0,6.54,0,6.48,35232529,370397,6.45,1434,6.54,,6.52,0,0,000016.SZ,3744771,1067700,20210706,17740574,2732100,6.81,6.33
216755,0,6.49,6.5,6.51,6.52,6.53,53000,8000,54200,76300,84000,6.48,6.47,6.46,6.45,6.44,21600,73700,39500,89600,30400,0,3534660,35235000,0,6.54,0,6.48,35235526,883665,6.45,1434,6.54,,6.52,0,0,000016.SZ,3746771,1083800,20210706,17740574,2732100,6.81,6.33
220579,0,6.49,6.5,6.51,6.52,6.53,53000,17200,54200,76300,84000,6.48,6.47,6.46,6.45,6.44,51700,75400,35700,89600,30400,0,2713440,35238000,0,6.54,0,6.48,35238523,678360,6.45,1434,6.54,,6.52,0,0,000016.SZ,3755971,1111800,20210706,17740574,2732100,6.81,6.33
224389,0,6.5,6.51,6.52,6.53,6.54,17200,54200,76300,84000,35619,6.49,6.48,6.47,6.46,6.45,13700,53700,44300,35700,89600,0,3956044,35241000,0,6.54,0,6.49,35241577,989011,6.45,1440,6.54,,6.52,0,0,000016.SZ,3702971,1100400,20210706,18084544,2785100,6.82,6.33
228217,0,6.5,6.51,6.52,6.53,6.54,16700,54200,76300,84000,35619,6.49,6.48,6.47,6.46,6.45,500,53800,43100,35700,89600,0,2203144,35244000,0,6.54,0,6.49,35244570,550786,6.45,1457,6.54,,6.52,0,0,000016.SZ,3702471,1099600,20210706,18174760,2799000,6.82,6.33
232028,0,6.5,6.51,6.52,6.53,6.54,22900,54200,76300,84000,35619,6.49,6.48,6.47,6.46,6.45,500,73800,43100,35700,89600,0,821064,35247000,0,6.54,0,6.49,35247565,205266,6.45,1457,6.54,,6.52,0,0,000016.SZ,3724271,1117900,20210706,18174760,2799000,6.82,6.33
235872,0,6.5,6.51,6.52,6.53,6.54,22900,54200,76300,84000,35619,6.49,6.48,6.47,6.46,6.45,700,73800,42900,35700,89600,0,3689992,35250000,0,6.54,0,6.49,35250562,922498,6.45,1457,6.54,,6.52,0,0,000016.SZ,3721271,1107900,20210706,18174760,2799000,6.82,6.33
239663,0,6.5,6.51,6.52,6.53,6.54,22900,54200,76300,84000,35619,6.48,6.47,6.46,6.45,6.44,73800,42900,35700,89600,30400,0,1484424,35253000,0,6.54,0,6.49,35253558,371106,6.45,1460,6.54,,6.52,0,0,000016.SZ,3721271,1106300,20210706,18179303,2799700,6.82,6.33
243429,0,6.5,6.51,6.52,6.53,6.54,49000,54200,76300,84000,35619,6.49,6.48,6.47,6.46,6.45,2100,77500,41100,35700,89800,0,3088660,35256000,0,6.54,0,6.49,35256551,772165,6.45,1463,6.54,,6.52,0,0,000016.SZ,3747371,1110500,20210706,18264322,2812800,6.81,6.33
247249,0,6.5,6.51,6.52,6.53,6.54,49000,54200,76300,84000,35619,6.49,6.48,6.47,6.46,6.45,2100,77600,41100,27400,89800,0,2598528,35259000,0,6.54,0,6.49,35259547,649632,6.45,1463,6.54,,6.52,0,0,000016.SZ,3747371,1102300,20210706,18264322,2812800,6.81,6.33
250959,0,6.5,6.51,6.52,6.53,6.54,40700,54200,76300,84000,35619,6.49,6.48,6.47,6.46,6.45,2100,77600,41100,40000,91900,0,788404,35262000,0,6.54,0,6.5,35262542,197101,6.45,1471,6.54,,6.52,0,0,000016.SZ,3739071,1117000,20210706,18318272,2821100,6.82,6.33
2244,0,6.49,6.5,6.51,6.52,6.53,26500,40700,54200,76300,84000,6.48,6.47,6.46,6.45,6.44,77600,41100,40000,91900,30400,0,1613484,35265000,0,6.54,0,6.49,35265542,403371,6.45,1480,6.54,,6.52,0,0,000016.SZ,3768571,1119900,20210706,18374735,2829800,6.81,6.33
6025,0,6.49,6.5,6.51,6.52,6.53,26500,40700,54200,76300,84000,6.48,6.47,6.46,6.45,6.44,78600,41100,32700,91900,30400,0,3149928,35268000,0,6.54,0,6.49,35268542,787482,6.45,1480,6.54,,6.52,0,0,000016.SZ,3768571,1113600,20210706,18374735,2829800,6.81,6.33
9849,0,6.49,6.5,6.51,6.52,6.53,26500,41600,54200,76300,84000,6.48,6.47,6.46,6.45,6.44,79800,41100,32700,88900,30400,0,630864,35271000,0,6.54,0,6.48,35271535,157716,6.45,1481,6.54,,6.52,0,0,000016.SZ,3769471,1111800,20210706,18381215,2830800,6.81,6.33
13665,0,6.49,6.5,6.51,6.52,6.53,34000,41600,54200,76300,84000,6.48,6.47,6.46,6.45,6.44,85400,41100,32700,88900,30400,0,3406640,35274000,0,6.54,0,6.49,35274525,851660,6.45,1482,6.54,,6.52,0,0,000016.SZ,3776971,1117400,20210706,18383162,2831100,6.81,6.33
21222,0,6.49,6.5,6.51,6.52,6.53,34000,41600,54200,76300,84000,6.48,6.47,6.46,6.45,6.44,84200,41100,32700,88900,30400,0,1177852,35280000,0,6.54,0,6.48,35280574,294463,6.45,1483,6.54,,6.52,0,0,000016.SZ,3778471,1116200,20210706,18383810,2831200,6.81,6.33
24998,0,6.49,6.5,6.51,6.52,6.53,34000,41600,54200,76300,80600,6.48,6.47,6.46,6.45,6.44,84200,41100,32700,88900,30400,0,2230068,35283000,0,6.54,0,6.48,35283571,557517,6.45,1483,6.54,,6.52,0,0,000016.SZ,3775071,1116200,20210706,18383810,2831200,6.81,6.33
28808,0,6.5,6.51,6.52,6.53,6.54,41600,54200,76300,80600,36119,6.49,6.48,6.47,6.46,6.45,6000,102100,41100,32700,88900,0,2375712,35286000,0,6.54,0,6.49,35286566,593928,6.45,1495,6.54,,6.52,0,0,000016.SZ,3741071,1140100,20210706,18604470,2865200,6.82,6.34
32622,0,6.5,6.51,6.52,6.53,6.54,41600,54200,76300,80600,36119,6.49,6.48,6.47,6.46,6.45,1900,102100,41100,32700,88900,0,3474280,35289000,0,6.54,0,6.49,35289560,868570,6.45,1497,6.54,,6.52,0,0,000016.SZ,3759371,1136000,20210706,18631079,2869300,6.81,6.34
36451,0,6.5,6.51,6.52,6.53,6.54,41600,54200,76300,80600,36119,6.49,6.48,6.47,6.46,6.45,12300,102100,41100,32700,88900,0,3686404,35292000,0,6.54,0,6.49,35292557,921601,6.45,1498,6.54,,6.52,0,0,000016.SZ,3760371,1147700,20210706,18638867,2870500,6.81,6.34
40260,0,6.5,6.51,6.52,6.53,6.54,43000,57600,76300,80600,36119,6.49,6.48,6.47,6.46,6.45,14100,100700,41100,32700,88900,0,202452,35295000,0,6.54,0,6.49,35295553,50613,6.45,1498,6.54,,6.52,0,0,000016.SZ,3765171,1148100,20210706,18638867,2870500,6.81,6.34
44042,0,6.5,6.51,6.52,6.53,6.54,43000,57600,76300,80600,36119,6.49,6.48,6.47,6.46,6.45,14200,100600,41100,32700,88900,0,2409400,35298000,0,6.54,0,6.49,35298548,602350,6.45,1498,6.54,,6.52,0,0,000016.SZ,3763871,1148100,20210706,18638867,2870500,6.81,6.34
47850,0,6.5,6.51,6.52,6.53,6.54,43000,57600,76300,80600,36119,6.49,6.48,6.47,6.46,6.45,14600,82700,41100,32700,88900,0,3420040,35301000,0,6.54,0,6.49,35301547,855010,6.45,1498,6.54,,6.52,0,0,000016.SZ,3820571,1131600,20210706,18638867,2870500,6.81,6.33
51657,0,6.5,6.51,6.52,6.53,6.54,43000,57600,76300,80600,36119,6.49,6.48,6.47,6.46,6.45,10300,77800,41100,32700,88900,0,3816204,35304000,0,6.54,0,6.49,35304538,954051,6.45,1503,6.54,,6.52,0,0,000016.SZ,3820571,1122400,20210706,18698575,2879700,6.81,6.33
59149,0,6.5,6.51,6.52,6.53,6.54,43000,149700,76300,80600,36119,6.49,6.48,6.47,6.46,6.45,10300,97800,31300,32700,88900,0,3880384,35310000,0,6.54,0,6.49,35310530,970096,6.45,1503,6.54,,6.52,0,0,000016.SZ,3922871,1132600,20210706,18698575,2879700,6.81,6.33
62866,0,6.5,6.51,6.52,6.53,6.54,43100,149700,76300,80600,36119,6.49,6.48,6.47,6.46,6.45,10300,97800,31300,32700,89000,0,1132064,35313000,0,6.54,0,6.49,35313527,283016,6.45,1503,6.54,,6.52,0,0,000016.SZ,3922971,1132700,20210706,18698575,2879700,6.81,6.33
66587,0,6.5,6.51,6.52,6.53,6.54,43100,149700,76300,80600,36119,6.49,6.48,6.47,6.46,6.45,13600,97800,31300,32700,89000,0,2216576,35316000,0,6.54,0,6.49,35316523,554144,6.45,1503,6.54,,6.52,0,0,000016.SZ,3922971,1136000,20210706,18698575,2879700,6.81,6.33
70312,0,6.5,6.51,6.52,6.53,6.54,43100,149700,76300,80600,36119,6.49,6.48,6.47,6.46,6.45,5500,97800,31300,32700,89000,0,3255224,35319000,0,6.54,0,6.49,35319575,813806,6.45,1509,6.54,,6.52,0,0,000016.SZ,3922971,1134900,20210706,18751144,2887800,6.81,6.33
