,addrTag,askPrice1,askPrice2,askPrice3,askPrice4,askPrice5,askVolume1,askVolume2,askVolume3,askVolume4,askVolume5,bidPrice1,bidPrice2,bidPrice3,bidPrice4,bidPrice5,bidVolume1,bidVolume2,bidVolume3,bidVolume4,bidVolume5,broker,clock,exchTime,exchTimeUnderMs,high,iopv,last,localTime,localTimeUnderMs,low,numTrades,open,phaseCode,preClosePrice,status,tickerIndex,tickerName,totalAskQty,totalBidQty,tradingDay,turnover,volume,weightedAvgAskPrc,weightedAvgBidPrc
1585,0,,,,,,0,0,0,0,0,,,,,,0,0,0,0,0,0,768616,32112000,0,,0,,32946192,192154,,0,,,10.97,0,0,300123.SZ,0,0,20210706,0,0,,
10215,0,10.85,,,,,5300,0,0,0,0,10.85,,,,,5300,3400,0,0,0,0,679988,33303000,0,,0,,33303703,169997,,0,,,10.97,0,0,300123.SZ,0,0,20210706,0,0,,
10216,0,10.85,,,,,5300,0,0,0,0,10.85,,,,,5300,3400,0,0,0,0,693736,33303000,0,,0,,33303703,173434,,0,,,10.97,0,0,300123.SZ,0,0,20210706,0,0,,
17081,0,10.96,,,,,6100,0,0,0,0,10.96,,,,,6100,900,0,0,0,0,3746448,33312000,0,,0,,33312687,936612,,0,,,10.97,0,0,300123.SZ,0,0,20210706,0,0,,
24263,0,10.96,,,,,6100,0,0,0,0,10.96,,,,,6100,1300,0,0,0,0,1798108,33348000,0,,0,,33348703,449527,,0,,,10.97,0,0,300123.SZ,0,0,20210706,0,0,,
25638,0,10.96,,,,,6100,0,0,0,0,10.96,,,,,6100,1200,0,0,0,0,329500,33357000,0,,0,,33357689,82375,,0,,,10.97,0,0,300123.SZ,0,0,20210706,0,0,,
37172,0,10.96,,,,,6100,0,0,0,0,10.96,,,,,6100,4200,0,0,0,0,2834132,33420000,0,,0,,33420713,708533,,0,,,10.97,0,0,300123.SZ,0,0,20210706,0,0,,
42714,0,10.96,,,,,8100,0,0,0,0,10.96,,,,,8100,2200,0,0,0,0,1091648,33447000,0,,0,,33447670,272912,,0,,,10.97,0,0,300123.SZ,0,0,20210706,0,0,,
44549,0,10.96,,,,,8100,0,0,0,0,10.96,,,,,8100,6200,0,0,0,0,847428,33456000,0,,0,,33456718,211857,,0,,,10.97,0,0,300123.SZ,0,0,20210706,0,0,,
52080,0,10.96,,,,,9200,0,0,0,0,10.96,,,,,9200,8400,0,0,0,0,3479648,33492000,0,,0,,33492723,869912,,0,,,10.97,0,0,300123.SZ,0,0,20210706,0,0,,
55889,0,10.96,,,,,11200,0,0,0,0,10.96,,,,,11200,6400,0,0,0,0,3284292,33510000,0,,0,,33510694,821073,,0,,,10.97,0,0,300123.SZ,0,0,20210706,0,0,,
57781,0,10.97,,,,,7000,0,0,0,0,10.97,,,,,7000,500,0,0,0,0,3204292,33519000,0,,0,,33519680,801073,,0,,,10.97,0,0,300123.SZ,0,0,20210706,0,0,,
61521,0,10.97,,,,,7000,0,0,0,0,10.97,,,,,7000,4100,0,0,0,0,557088,33537000,0,,0,,33537714,139272,,0,,,10.97,0,0,300123.SZ,0,0,20210706,0,0,,
67051,0,10.97,,,,,9900,0,0,0,0,10.97,,,,,9900,1200,0,0,0,0,567468,33564000,0,,0,,33564671,141867,,0,,,10.97,0,0,300123.SZ,0,0,20210706,0,0,,
68798,0,10.97,,,,,9900,0,0,0,0,10.97,,,,,9900,6200,0,0,0,0,673228,33573000,0,,0,,33573719,168307,,0,,,10.97,0,0,300123.SZ,0,0,20210706,0,0,,
70545,0,10.97,,,,,9900,0,0,0,0,10.97,,,,,9900,6500,0,0,0,0,578980,33582000,0,,0,,33582705,144745,,0,,,10.97,0,0,300123.SZ,0,0,20210706,0,0,,
72286,0,10.97,,,,,9900,0,0,0,0,10.97,,,,,9900,25700,0,0,0,0,1887528,33591000,0,,0,,33591690,471882,,0,,,10.97,0,0,300123.SZ,0,0,20210706,0,0,,
76729,0,10.97,,,,,10200,0,0,0,0,10.97,,,,,10200,27400,0,0,0,0,1812684,33612000,0,,0,,33612719,453171,,0,,,10.97,0,0,300123.SZ,0,0,20210706,0,0,,
81647,0,10.97,,,,,10200,0,0,0,0,10.97,,,,,10200,29400,0,0,0,0,321372,33639000,0,,0,,33639677,80343,,0,,,10.97,0,0,300123.SZ,0,0,20210706,0,0,,
86875,0,10.97,,,,,10200,0,0,0,0,10.97,,,,,10200,34400,0,0,0,0,3479532,33666000,0,,0,,33666695,869883,,0,,,10.97,0,0,300123.SZ,0,0,20210706,0,0,,
88649,0,10.97,,,,,13900,0,0,0,0,10.97,,,,,13900,30700,0,0,0,0,113960,33675000,0,,0,,33675682,28490,,0,,,10.97,0,0,300123.SZ,0,0,20210706,0,0,,
92266,0,10.97,,,,,19500,0,0,0,0,10.97,,,,,19500,25100,0,0,0,0,1430968,33693000,0,,0,,33693715,357742,,0,,,10.97,0,0,300123.SZ,0,0,20210706,0,0,,
95958,0,10.97,,,,,19700,0,0,0,0,10.97,,,,,19700,24900,0,0,0,0,211368,33711000,0,,0,,33711687,52842,,0,,,10.97,0,0,300123.SZ,0,0,20210706,0,0,,
97930,0,10.97,,,,,20000,0,0,0,0,10.97,,,,,20000,24600,0,0,0,0,3997876,33720000,0,,0,,33720734,999469,,0,,,10.97,0,0,300123.SZ,0,0,20210706,0,0,,
99863,0,10.97,,,,,20100,0,0,0,0,10.97,,,,,20100,24500,0,0,0,0,977788,33729000,0,,0,,33729720,244447,,0,,,10.97,0,0,300123.SZ,0,0,20210706,0,0,,
101947,0,10.97,,,,,20100,0,0,0,0,10.97,,,,,20100,27600,0,0,0,0,2519980,33738000,0,,0,,33738706,629995,,0,,,10.97,0,0,300123.SZ,0,0,20210706,0,0,,
103964,0,10.97,,,,,29100,0,0,0,0,10.97,,,,,29100,18900,0,0,0,0,1920756,33747000,0,,0,,33747691,480189,,0,,,10.97,0,0,300123.SZ,0,0,20210706,0,0,,
106072,0,10.97,,,,,29600,0,0,0,0,10.97,,,,,29600,18400,0,0,0,0,1772212,33756000,0,,0,,33756677,443053,,0,,,10.97,0,0,300123.SZ,0,0,20210706,0,0,,
108258,0,10.97,,,,,29600,0,0,0,0,10.97,,,,,29600,25200,0,0,0,0,1813780,33765000,0,,0,,33765725,453445,,0,,,10.97,0,0,300123.SZ,0,0,20210706,0,0,,
112748,0,10.97,,,,,39600,0,0,0,0,10.97,,,,,39600,18200,0,0,0,0,2258520,33783000,0,,0,,33783696,564630,,0,,,10.97,0,0,300123.SZ,0,0,20210706,0,0,,
120059,0,10.97,,,,,46800,0,0,0,0,10.97,,,,,46800,13100,0,0,0,0,1579396,33810000,0,,0,,33810716,394849,,0,,,10.97,0,0,300123.SZ,0,0,20210706,0,0,,
122627,0,10.97,,,,,52800,0,0,0,0,10.97,,,,,52800,7100,0,0,0,0,688560,33819000,0,,0,,33819702,172140,,0,,,10.97,0,0,300123.SZ,0,0,20210706,0,0,,
125540,0,10.97,,,,,59900,5000,0,0,0,10.97,,,,,59900,0,0,0,0,0,1949704,33828000,0,,0,,33828689,487426,,0,,,10.97,0,0,300123.SZ,0,0,20210706,0,0,,
128079,0,10.97,,,,,64900,0,0,0,0,10.97,,,,,64900,25000,0,0,0,0,1923728,33837000,0,,0,,33837673,480932,,0,,,10.97,0,0,300123.SZ,0,0,20210706,0,0,,
130978,0,10.98,,,,,65100,0,0,0,0,10.98,,,,,65100,2200,0,0,0,0,1971120,33846000,0,,0,,33846721,492780,,0,,,10.97,0,0,300123.SZ,0,0,20210706,0,0,,
134340,0,10.98,,,,,68600,0,0,0,0,10.98,,,,,68600,5600,0,0,0,0,3436376,33855000,0,,0,,33855707,859094,,0,,,10.97,0,0,300123.SZ,0,0,20210706,0,0,,
138209,0,10.98,,,,,70000,0,0,0,0,10.98,,,,,70000,7000,0,0,0,0,678164,33864000,0,,0,,33864693,169541,,0,,,10.97,0,0,300123.SZ,0,0,20210706,0,0,,
142249,0,10.98,,,,,70500,0,0,0,0,10.98,,,,,70500,9800,0,0,0,0,3496772,33873000,0,,0,,33873678,874193,,0,,,10.97,0,0,300123.SZ,0,0,20210706,0,0,,
146452,0,10.98,,,,,71500,0,0,0,0,10.98,,,,,71500,10100,0,0,0,0,1540300,33882000,0,,0,,33882728,385075,,0,,,10.97,0,0,300123.SZ,0,0,20210706,0,0,,
150814,0,10.98,,,,,71800,0,0,0,0,10.98,,,,,71800,12100,0,0,0,0,641860,33891000,0,,0,,33891713,160465,,0,,,10.97,0,0,300123.SZ,0,0,20210706,0,0,,
159203,0,10.98,,,,,101000,0,0,0,0,10.98,,,,,101000,12100,0,0,0,0,1784760,33900000,0,,0,,33901148,446190,,0,,,10.97,0,0,300123.SZ,0,0,20210706,0,0,,
163872,0,11.04,11.08,11.09,11.1,11.11,400,7400,1000,5600,3500,11.02,11.01,11.0,10.99,10.98,42500,10600,6600,42500,45900,0,485356,33903000,0,11.02,0,11.02,33903759,121339,11.02,46,11.02,,10.97,0,0,300123.SZ,1535500,681600,20210706,1441416,130800,12.26,10.66
163873,0,11.04,11.08,11.09,11.1,11.11,400,7400,1000,5600,3500,11.02,11.01,11.0,10.99,10.98,42500,10600,6600,42500,45900,0,500876,33903000,0,11.02,0,11.02,33903759,125219,11.02,46,11.02,,10.97,0,0,300123.SZ,1535500,681600,20210706,1441416,130800,12.26,10.66
175762,0,11.07,11.08,11.09,11.1,11.11,1000,1900,23300,6100,20200,11.04,11.02,11.01,11.0,10.99,15700,41100,12300,21600,45800,0,2877400,34203000,0,11.1,0,11.02,34204342,719350,11.02,127,11.02,,10.97,0,0,300123.SZ,2041300,887800,20210706,2944657,266800,12.21,10.68
175763,0,11.07,11.08,11.09,11.1,11.11,1000,1900,23300,6100,20200,11.04,11.02,11.01,11.0,10.99,15700,41100,12300,21600,45800,0,2892996,34203000,0,11.1,0,11.02,34204342,723249,11.02,127,11.02,,10.97,0,0,300123.SZ,2041300,887800,20210706,2944657,266800,12.21,10.68
181026,0,11.06,11.07,11.08,11.09,11.11,400,5100,1000,1000,22000,11.04,11.03,11.02,11.01,11.0,14400,5600,45500,13500,43200,0,1922472,34206000,0,11.1,0,11.04,34207276,480618,11.02,197,11.02,,10.97,0,0,300123.SZ,2297075,970500,20210706,4324510,391500,12.2,10.69
185371,0,11.08,11.09,11.1,11.11,11.12,1800,2800,36900,22000,3900,11.05,11.04,11.03,11.02,11.01,2000,71000,12400,44300,14500,0,3255208,34209000,0,11.1,0,11.08,34210271,813802,11.02,209,11.02,,10.97,0,0,300123.SZ,2511975,1097200,20210706,4452913,403100,12.15,10.72
189635,0,11.07,11.08,11.09,11.1,11.11,2000,900,2800,7300,22000,11.06,11.05,11.04,11.03,11.02,200,6100,74400,12900,45300,0,2072152,34212000,0,11.1,0,11.08,34213207,518038,11.02,212,11.02,,10.97,0,0,300123.SZ,2528175,1114300,20210706,4463990,404100,12.16,10.72
193800,0,11.09,11.1,11.11,11.12,11.13,2800,1100,22000,3900,29500,11.07,11.06,11.05,11.04,11.03,2100,400,6100,74100,12900,0,1406764,34215000,0,11.1,0,11.07,34216199,351691,11.02,225,11.02,,10.97,0,0,300123.SZ,2523275,1119200,20210706,4700140,425400,12.16,10.72
197928,0,11.08,11.09,11.1,11.11,11.12,7000,2800,1100,22000,3900,11.07,11.06,11.05,11.04,11.03,2300,400,2400,74100,12900,0,2427596,34218000,0,11.1,0,11.08,34219195,606899,11.02,228,11.02,,10.97,0,0,300123.SZ,2549475,1125800,20210706,4736704,428700,12.15,10.72
202095,0,11.09,11.1,11.11,11.12,11.13,2200,10400,22000,3900,29500,11.08,11.07,11.05,11.04,11.03,6000,3300,2400,74100,13900,0,542236,34221000,0,11.1,0,11.08,34222191,135559,11.02,237,11.02,,10.97,0,0,300123.SZ,2552675,1135400,20210706,4840859,438100,12.15,10.72
206200,0,11.09,11.1,11.11,11.12,11.13,500,60800,22000,3900,29500,11.08,11.07,11.06,11.05,11.04,4300,4300,100,2400,74100,0,3294764,34224000,0,11.1,0,11.08,34225185,823691,11.02,243,11.02,,10.97,0,0,300123.SZ,2601475,1125100,20210706,4879656,441600,12.13,10.72
210299,0,11.09,11.1,11.11,11.12,11.13,44900,80100,22000,3900,29500,11.08,11.07,11.06,11.05,11.04,20900,4300,100,2400,73600,0,1542624,34227000,0,11.1,0,11.09,34228181,385656,11.02,270,11.02,,10.97,0,0,300123.SZ,2706275,1142200,20210706,5198909,470400,12.09,10.72
214391,0,11.09,11.1,11.11,11.12,11.13,2000,33500,22000,3900,29500,11.08,11.07,11.06,11.05,11.04,17600,3800,5800,2400,75900,0,930716,34230000,0,11.1,0,11.08,34231176,232679,11.02,290,11.02,,10.97,0,0,300123.SZ,2625675,1146100,20210706,6303870,570000,12.13,10.73
218490,0,11.08,11.1,11.11,11.12,11.13,3700,28300,22000,3900,29500,11.06,11.05,11.04,11.03,11.02,5700,3400,75900,13700,44800,0,2962976,34233000,0,11.1,0,11.08,34234230,740744,11.02,321,11.02,,10.97,0,0,300123.SZ,2640675,1127200,20210706,6769267,612000,12.13,10.72
222592,0,11.08,11.09,11.1,11.11,11.12,19600,1900,29800,22000,4400,11.06,11.05,11.04,11.03,11.02,7200,3400,72600,13000,44800,0,2151000,34236000,0,11.1,0,11.08,34237226,537750,11.02,334,11.02,,10.97,0,0,300123.SZ,2678775,1125800,20210706,7093905,641300,12.12,10.72
226664,0,11.08,11.09,11.1,11.11,11.12,1500,200,29800,22000,4400,11.06,11.05,11.04,11.03,11.02,5600,3400,72600,9700,42800,0,1395332,34239000,0,11.1,0,11.09,34240162,348833,11.02,359,11.02,,10.97,0,0,300123.SZ,2662575,1120900,20210706,7473941,675600,12.13,10.72
230771,0,11.1,11.11,11.12,11.13,11.14,60800,22000,4400,32400,11700,11.09,11.08,11.06,11.05,11.04,30700,1500,3600,3400,70600,0,2055832,34242000,0,11.1,0,11.09,34243218,513958,11.02,374,11.02,,10.97,0,0,300123.SZ,2677375,1147100,20210706,7915046,715400,12.13,10.73
234825,0,11.1,11.11,11.12,11.13,11.14,52600,22000,4400,32400,11700,11.09,11.08,11.07,11.06,11.05,27900,2500,800,3600,1500,0,1180960,34245000,0,11.1,0,11.09,34246212,295240,11.02,386,11.02,,10.97,0,0,300123.SZ,2680875,1143900,20210706,8048218,727400,12.13,10.72
238943,0,11.12,11.13,11.14,11.15,11.16,4400,32400,13700,29500,8200,11.11,11.09,11.08,11.07,11.06,104100,6700,6000,1400,5500,0,1079756,34248000,0,11.11,0,11.11,34249208,269939,11.02,416,11.02,,10.97,0,0,300123.SZ,2615775,1230100,20210706,9249162,835600,12.16,10.75
243080,0,11.12,11.13,11.14,11.15,11.16,1500,32400,13700,29500,8200,11.11,11.1,11.09,11.08,11.07,88900,500,7000,6300,900,0,1611744,34251000,0,11.12,0,11.11,34252204,402936,11.02,427,11.02,,10.97,0,0,300123.SZ,2613375,1216200,20210706,9452506,853900,12.16,10.75
247185,0,11.12,11.13,11.14,11.15,11.16,500,32400,13700,30000,8200,11.11,11.1,11.09,11.08,11.07,85300,5800,7000,6800,900,0,2568292,34254000,0,11.12,0,11.11,34255199,642073,11.02,433,11.02,,10.97,0,0,300123.SZ,2614775,1187700,20210706,9503622,858500,12.16,10.74
251261,0,11.13,11.14,11.15,11.16,11.17,31400,13700,30000,8200,10700,11.12,11.11,11.1,11.09,11.08,15600,85500,4800,7000,6800,0,575336,34257000,0,11.13,0,11.12,34258196,143834,11.02,442,11.02,,10.97,0,0,300123.SZ,2618775,1200700,20210706,9553672,863000,12.16,10.74
255393,0,11.13,11.14,11.15,11.16,11.17,30700,13700,30000,8200,10700,11.12,11.11,11.1,11.09,11.08,400,87000,7800,6400,6800,0,1972592,34260000,0,11.13,0,11.12,34261189,493148,11.02,473,11.02,,10.97,0,0,300123.SZ,2623475,1188100,20210706,9910618,895100,12.16,10.74
259568,0,11.13,11.14,11.15,11.16,11.17,20000,13700,30000,8200,10700,11.12,11.11,11.1,11.09,11.08,15200,84300,8800,5300,6800,0,624928,34263000,0,11.13,0,11.13,34264252,156232,11.02,486,11.02,,10.97,0,0,300123.SZ,2621816,1189700,20210706,10126396,914500,12.16,10.74
263714,0,11.15,11.16,11.17,11.18,11.19,30500,8200,10700,8200,47800,11.12,11.11,11.1,11.09,11.08,21300,83400,8800,5300,5800,0,1422824,34266000,0,11.14,0,11.14,34267183,355706,11.02,533,11.02,,10.97,0,0,300123.SZ,2593716,1193200,20210706,10765226,971900,12.17,10.74
267824,0,11.13,11.15,11.16,11.17,11.18,500,30000,8200,10700,8800,11.12,11.11,11.1,11.09,11.08,12300,83300,8800,5300,5800,0,867804,34269000,0,11.15,0,11.12,34270178,216951,11.02,557,11.02,,10.97,0,0,300123.SZ,2606816,1183500,20210706,11018907,994700,12.16,10.74
272010,0,11.15,11.16,11.17,11.18,11.19,28900,18200,10700,8800,47800,11.14,11.13,11.12,11.11,11.1,5800,900,6100,83300,8800,0,2177744,34272000,0,11.15,0,11.13,34273233,544436,11.02,583,11.02,,10.97,0,0,300123.SZ,2639916,1184000,20210706,11242593,1014800,12.16,10.74
276194,0,11.14,11.15,11.16,11.17,11.18,8400,8600,18200,9700,8800,11.13,11.12,11.11,11.1,11.09,9900,6400,85500,8800,300,0,66428,34275000,0,11.15,0,11.14,34276228,16607,11.02,605,11.02,,10.97,0,0,300123.SZ,2635516,1184700,20210706,11647165,1051100,12.16,10.74
280326,0,11.12,11.14,11.15,11.16,11.17,5100,6500,9600,19200,9700,11.11,11.1,11.09,11.08,11.07,83300,10800,300,4800,300,0,3739716,34278000,0,11.15,0,11.12,34279221,934929,11.02,642,11.02,,10.97,0,0,300123.SZ,2656116,1166200,20210706,12062227,1088400,12.16,10.73
284486,0,11.12,11.13,11.14,11.15,11.16,23400,3100,29900,11600,19200,11.11,11.1,11.09,11.08,11.07,82600,12300,300,4800,300,0,2595056,34281000,0,11.15,0,11.12,34282219,648764,11.02,655,11.02,,10.97,0,0,300123.SZ,2714516,1166600,20210706,12114484,1093100,12.14,10.73
288644,0,11.11,11.12,11.13,11.14,11.15,7000,10500,6400,66000,49800,11.1,11.09,11.08,11.07,11.06,12300,300,4800,300,5500,0,3037340,34284000,0,11.15,0,11.11,34285212,759335,11.02,690,11.02,,10.97,0,0,300123.SZ,2795416,1084000,20210706,13384651,1207400,12.11,10.71
292764,0,11.09,11.1,11.11,11.12,11.13,100,16600,111600,13700,6200,11.08,11.07,11.06,11.05,11.04,2400,2300,5500,2500,64100,0,3707784,34287000,0,11.15,0,11.09,34288209,926946,11.02,733,11.02,,10.97,0,0,300123.SZ,2943816,1070400,20210706,13850769,1249400,12.07,10.7
296856,0,11.07,11.08,11.09,11.1,11.11,2300,1600,10000,35300,120800,11.05,11.04,11.03,11.02,11.01,1500,64100,7700,38800,17700,0,2877752,34290000,0,11.15,0,11.05,34291202,719438,11.02,753,11.02,,10.97,0,0,300123.SZ,3033216,1057200,20210706,14050199,1267400,12.06,10.7
301015,0,11.08,11.09,11.1,11.11,11.12,10000,12800,86600,135600,4800,11.04,11.03,11.02,11.01,11.0,57300,7700,38800,17700,29900,0,1547068,34293000,0,11.15,0,11.08,34294199,386767,11.02,780,11.02,,10.97,0,0,300123.SZ,3122116,1048900,20210706,14353593,1294800,12.03,10.69
305081,0,11.05,11.06,11.07,11.08,11.09,800,900,10000,20100,14300,11.04,11.03,11.02,11.01,11.0,56700,7700,38800,17700,29900,0,3145456,34296000,0,11.15,0,11.05,34297195,786364,11.02,784,11.02,,10.97,0,0,300123.SZ,3122216,1048500,20210706,14384529,1297600,12.03,10.69
309235,0,11.05,11.06,11.07,11.08,11.09,500,1300,10000,21700,15300,11.04,11.03,11.02,11.01,11.0,57000,7700,38800,17700,23900,0,641828,34299000,0,11.15,0,11.04,34300191,160457,11.02,791,11.02,,10.97,0,0,300123.SZ,3128216,1042800,20210706,14419884,1300800,12.03,10.69
313323,0,11.06,11.08,11.09,11.1,11.11,600,22500,16213,83900,121700,11.05,11.04,11.03,11.02,11.01,2100,54300,7800,38800,17700,0,479840,34302000,0,11.15,0,11.05,34303186,119960,11.02,808,11.02,,10.97,0,0,300123.SZ,3126029,1043300,20210706,14600138,1317100,12.03,10.69
317502,0,11.07,11.08,11.09,11.1,11.11,15700,22500,16213,79500,116100,11.04,11.03,11.02,11.01,11.0,47400,7800,38800,17700,24900,0,868184,34305000,0,11.15,0,11.04,34306241,217046,11.02,823,11.02,,10.97,0,0,300123.SZ,3132729,1034300,20210706,14781289,1333500,12.03,10.69
321555,0,11.05,11.07,11.08,11.09,11.1,6500,16700,32500,15213,66000,11.04,11.03,11.02,11.01,11.0,44600,13800,38800,17700,27400,0,3100608,34308000,0,11.15,0,11.04,34309237,775152,11.02,831,11.02,,10.97,0,0,300123.SZ,3146629,1040000,20210706,15064121,1359100,12.03,10.69
325655,0,11.05,11.06,11.07,11.08,11.09,6000,11000,1000,32500,15213,11.04,11.03,11.02,11.01,11.0,100,13800,38800,17700,27400,0,492944,34311000,0,11.15,0,11.05,34312234,123236,11.02,859,11.02,,10.97,0,0,300123.SZ,3154929,995500,20210706,15576392,1405500,12.03,10.67
329677,0,11.04,11.05,11.06,11.07,11.08,5100,12500,12100,3900,32500,11.03,11.02,11.01,11.0,10.99,4200,38800,17700,27400,3700,0,3325200,34314000,0,11.15,0,11.04,34315228,831300,11.02,881,11.02,,10.97,0,0,300123.SZ,3182629,985800,20210706,15876627,1432700,12.03,10.67
333684,0,11.04,11.05,11.06,11.07,11.08,4500,14300,12100,3900,32500,11.03,11.02,11.01,11.0,10.99,3400,38800,17700,28000,3700,0,3184844,34317000,0,11.15,0,11.05,34318222,796211,11.02,890,11.02,,10.97,0,0,300123.SZ,3193829,985600,20210706,16010215,1444800,12.03,10.67
337736,0,11.04,11.05,11.06,11.07,11.08,4500,20800,11900,3900,32500,11.03,11.02,11.01,11.0,10.99,5500,38800,17700,29000,3700,0,1067780,34320000,0,11.15,0,11.03,34321344,266945,11.02,896,11.02,,10.97,0,0,300123.SZ,3215129,984900,20210706,16095213,1452500,12.02,10.67
341903,0,11.02,11.03,11.04,11.05,11.06,22500,26800,6200,20800,11900,11.01,11.0,10.99,10.98,10.97,17700,32000,3700,49000,44100,0,3593600,34323000,0,11.15,0,11.02,34324220,898400,11.02,922,11.02,,10.97,0,0,300123.SZ,3295229,943800,20210706,16811669,1517500,12.01,10.66
346037,0,11.02,11.03,11.04,11.05,11.06,12900,33000,6000,20800,11900,11.01,11.0,10.99,10.98,10.97,15000,32000,3700,49000,44100,0,119640,34326000,0,11.15,0,11.01,34327212,29910,11.01,931,11.02,,10.97,0,0,300123.SZ,3296929,940600,20210706,16947188,1529800,12.01,10.65
350108,0,11.02,11.03,11.04,11.05,11.06,1000,34200,5700,20200,11900,11.01,11.0,10.99,10.98,10.97,6300,32000,3700,49900,44100,0,3218676,34329000,0,11.15,0,11.01,34330204,804669,11.01,944,11.02,,10.97,0,0,300123.SZ,3289329,932300,20210706,17255723,1557800,12.02,10.65
354219,0,11.02,11.03,11.04,11.05,11.06,1700,19300,6900,20100,12300,11.01,11.0,10.99,10.98,10.97,8400,29500,3700,49900,44100,0,3905388,34332000,0,11.15,0,11.02,34333199,976347,11.01,950,11.02,,10.97,0,0,300123.SZ,3258729,931900,20210706,17281064,1560100,12.02,10.65
358278,0,11.03,11.04,11.05,11.06,11.07,14500,6400,19100,12300,4300,11.02,11.01,11.0,10.99,10.98,100,2800,39300,3700,49900,0,2208536,34335000,0,11.15,0,11.02,34336194,552134,11.01,967,11.02,,10.97,0,0,300123.SZ,3257329,935900,20210706,17385676,1569600,12.03,10.65
362388,0,11.05,11.06,11.07,11.08,11.09,19100,12300,4600,32500,3313,11.02,11.01,11.0,10.99,10.98,300,4400,39300,3700,49900,0,3845700,34338000,0,11.15,0,11.01,34339191,961425,11.01,1007,11.02,,10.97,0,0,300123.SZ,3255429,942700,20210706,17900392,1616300,12.03,10.65
366449,0,11.05,11.06,11.07,11.08,11.09,17400,12300,4600,32500,3313,11.03,11.02,11.01,11.0,10.99,100,3000,800,38300,3700,0,3635392,34341000,0,11.15,0,11.02,34342186,908848,11.01,1027,11.02,,10.97,0,0,300123.SZ,3264229,943500,20210706,18015042,1626700,12.03,10.65
370557,0,11.09,11.1,11.11,11.12,11.13,2713,45400,116900,5100,40300,11.05,11.04,11.03,11.02,11.01,17300,300,300,8800,10800,0,1409388,34344000,0,11.15,0,11.05,34345182,352347,11.01,1055,11.02,,10.97,0,0,300123.SZ,3203029,979400,20210706,18845000,1701700,12.05,10.67
374595,0,11.08,11.09,11.1,11.11,11.12,200,2713,45400,118900,7100,11.05,11.02,11.01,11.0,10.99,1900,16800,18200,40300,4000,0,3573104,34347000,0,11.15,0,11.08,34348176,893276,11.01,1068,11.02,,10.97,0,0,300123.SZ,3217929,978000,20210706,19033968,1718800,12.05,10.67
378760,0,11.09,11.1,11.11,11.12,11.13,2713,45400,118900,7100,40300,11.08,11.05,11.04,11.02,11.01,300,3900,10000,18100,19000,0,2970468,34350000,0,11.15,0,11.08,34351231,742617,11.01,1070,11.02,,10.97,0,0,300123.SZ,3228429,993600,20210706,19042814,1719600,12.05,10.67
382850,0,11.07,11.09,11.1,11.11,11.12,50400,2713,44700,118900,7200,11.05,11.04,11.02,11.01,11.0,15000,10000,18400,14400,41300,0,3246092,34353000,0,11.15,0,11.06,34354227,811523,11.01,1072,11.02,,10.97,0,0,300123.SZ,3289229,1001100,20210706,19054986,1720700,12.03,10.68
386801,0,11.07,11.08,11.09,11.1,11.11,38000,1100,2713,43000,118900,11.05,11.04,11.02,11.01,11.0,12600,10000,18400,16800,41300,0,222108,34356000,0,11.15,0,11.05,34357165,55527,11.01,1079,11.02,,10.97,0,0,300123.SZ,3287429,1000500,20210706,19212144,1734900,12.03,10.68
390970,0,11.07,11.08,11.09,11.1,11.11,34200,18100,3513,43500,121100,11.06,11.05,11.04,11.02,11.01,3200,13300,10000,19300,17800,0,1013920,34359000,0,11.15,0,11.07,34360217,253480,11.01,1085,11.02,,10.97,0,0,300123.SZ,3320529,1007400,20210706,19257525,1739000,12.03,10.68
394902,0,11.08,11.09,11.1,11.11,11.12,16100,3513,43500,121100,7400,11.07,11.06,11.05,11.04,11.03,2300,6600,24300,10000,2000,0,2408648,34362000,0,11.15,0,11.07,34363214,602162,11.01,1096,11.02,,10.97,0,0,300123.SZ,3285729,1028900,20210706,19747927,1783300,12.04,10.69
398933,0,11.08,11.09,11.1,11.11,11.12,19300,3513,46500,121100,7400,11.05,11.03,11.02,11.01,11.0,21800,2000,21900,18000,41800,0,2164188,34365000,0,11.15,0,11.08,34366211,541047,11.01,1113,11.02,,10.97,0,0,300123.SZ,3339829,1010600,20210706,20014520,1807400,12.03,10.68
403011,0,11.08,11.09,11.1,11.11,11.12,19300,2713,48900,121100,7400,11.07,11.05,11.03,11.02,11.01,1500,42800,2000,22000,18000,0,1104908,34368000,0,11.15,0,11.07,34369204,276227,11.01,1119,11.02,,10.97,0,0,300123.SZ,3329329,1034700,20210706,20064335,1811900,12.03,10.69
407066,0,11.06,11.07,11.08,11.09,11.1,1000,11600,19800,2300,49300,11.05,11.01,11.0,10.99,10.98,4900,2300,42000,4000,47200,0,2917328,34371000,0,11.15,0,11.05,34372199,729332,11.01,1165,11.02,,10.97,0,0,300123.SZ,3364716,963000,20210706,21052116,1901400,12.02,10.66
411092,0,11.07,11.08,11.09,11.1,11.11,1500,20500,2300,48000,120100,11.05,11.03,11.01,11.0,10.99,5600,3400,2300,45000,4000,0,3205792,34374000,0,11.15,0,11.07,34375194,801448,11.01,1184,11.02,,10.97,0,0,300123.SZ,3355816,970100,20210706,21278926,1921900,12.03,10.66
415143,0,11.08,11.09,11.1,11.11,11.12,20700,2300,43000,125100,19200,11.07,11.05,11.03,11.02,11.01,27800,6600,3400,2600,2300,0,3165584,34377000,0,11.15,0,11.07,34378190,791396,11.01,1191,11.02,,10.97,0,0,300123.SZ,3359516,1001500,20210706,21312113,1924900,12.03,10.67
419139,0,11.08,11.09,11.1,11.11,11.12,20700,2300,45000,125100,19000,11.07,11.06,11.05,11.03,11.02,19500,5000,11000,3400,3600,0,3883764,34380000,0,11.15,0,11.07,34381311,970941,11.01,1195,11.02,,10.97,0,0,300123.SZ,3370616,1003300,20210706,21415074,1934200,12.03,10.67
423319,0,11.08,11.09,11.1,11.11,11.12,40100,2300,45000,125100,19000,11.07,11.06,11.05,11.03,11.02,27300,5500,31300,3400,3600,0,2073096,34383000,0,11.15,0,11.07,34384242,518274,11.01,1202,11.02,,10.97,0,0,300123.SZ,3408516,1051900,20210706,21522456,1943900,12.02,10.69
427378,0,11.08,11.09,11.1,11.11,11.12,35500,5800,45000,125100,19000,11.07,11.06,11.05,11.03,11.02,200,5500,32000,3400,4500,0,1992288,34386000,0,11.15,0,11.08,34387237,498072,11.01,1221,11.02,,10.97,0,0,300123.SZ,3409216,1028700,20210706,21831360,1971800,12.02,10.68
431448,0,11.07,11.08,11.09,11.1,11.11,53900,9300,5900,45000,125100,11.06,11.05,11.03,11.02,11.01,15100,31900,3400,4500,4300,0,534956,34389000,0,11.15,0,11.07,34390232,133739,11.01,1246,11.02,,10.97,0,0,300123.SZ,3486016,1039000,20210706,22288809,2013100,12.0,10.68
435507,0,11.07,11.08,11.09,11.1,11.11,50800,10300,5900,45000,125100,11.06,11.05,11.03,11.02,11.01,12600,31400,3400,4500,4300,0,1912232,34392000,0,11.15,0,11.07,34393228,478058,11.01,1257,11.02,,10.97,0,0,300123.SZ,3502016,1042500,20210706,22515719,2033600,12.0,10.68
439467,0,11.07,11.08,11.09,11.1,11.11,74200,10300,5900,45000,125100,11.06,11.05,11.03,11.02,11.01,10500,32100,3400,9500,4300,0,467632,34395000,0,11.15,0,11.07,34396222,116908,11.01,1269,11.02,,10.97,0,0,300123.SZ,3528116,1028600,20210706,22677320,2048200,11.99,10.68
443610,0,11.07,11.08,11.09,11.1,11.11,72800,9300,5900,45000,130100,11.06,11.05,11.03,11.02,11.01,9200,31800,3400,8500,4300,0,2039704,34398000,0,11.15,0,11.07,34399220,509926,11.01,1278,11.02,,10.97,0,0,300123.SZ,3525716,1022000,20210706,22838909,2062800,11.99,10.68
447656,0,11.06,11.07,11.08,11.09,11.1,3800,74600,9300,2400,45000,11.05,11.04,11.03,11.02,11.01,11200,100,6200,8500,4300,0,34672,34401000,0,11.15,0,11.05,34402213,8668,11.01,1295,11.02,,10.97,0,0,300123.SZ,3530216,995100,20210706,23219174,2097200,11.99,10.67
451774,0,11.06,11.07,11.08,11.09,11.1,1200,53400,11200,12400,47800,11.05,11.04,11.03,11.02,11.01,5700,100,6400,8500,4300,0,3258092,34404000,0,11.15,0,11.06,34405210,814523,11.01,1313,11.02,,10.97,0,0,300123.SZ,3523116,989800,20210706,23645191,2135700,12.0,10.67
455794,0,11.05,11.06,11.07,11.08,11.09,20500,2600,52200,11200,12400,11.04,11.03,11.02,11.01,11.0,100,6400,8500,4300,45300,0,1870332,34407000,0,11.15,0,11.05,34408203,467583,11.01,1324,11.02,,10.97,0,0,300123.SZ,3607516,986000,20210706,23759014,2146000,12.0,10.66
459851,0,11.05,11.06,11.07,11.08,11.09,27100,9200,48100,11200,12400,11.03,11.02,11.01,11.0,10.99,6400,8500,4300,45300,4000,0,3555460,34410000,0,11.15,0,11.05,34411198,888865,11.01,1328,11.02,,10.97,0,0,300123.SZ,3625616,977600,20210706,23788848,2148700,12.0,10.66
463848,0,11.04,11.05,11.06,11.07,11.08,1200,28000,11100,46400,11200,11.03,11.02,11.01,11.0,10.99,16400,8500,3300,45300,4000,0,2402128,34413000,0,11.15,0,11.04,34414194,600532,11.01,1336,11.02,,10.97,0,0,300123.SZ,3667316,987600,20210706,23841866,2153500,12.01,10.66
467855,0,11.03,11.05,11.06,11.07,11.08,8500,32200,11100,46400,11200,11.02,11.01,11.0,10.99,10.98,8500,3300,44300,4000,29400,0,1768180,34416000,0,11.15,0,11.03,34417190,442045,11.01,1345,11.02,,10.97,0,0,300123.SZ,3684216,968800,20210706,24037111,2171200,12.01,10.66
471850,0,11.03,11.04,11.05,11.06,11.07,10600,4600,32200,14500,46400,11.02,11.01,11.0,10.99,10.98,8500,2300,44300,4000,29400,0,3429356,34419000,0,11.15,0,11.03,34420186,857339,11.01,1347,11.02,,10.97,0,0,300123.SZ,3697116,967800,20210706,24111012,2177900,12.01,10.66
475854,0,11.03,11.04,11.05,11.06,11.07,16300,4600,32200,14500,46700,11.02,11.01,11.0,10.99,10.98,6400,2300,50200,13500,29400,0,3043456,34422000,0,11.15,0,11.02,34423181,760864,11.01,1351,11.02,,10.97,0,0,300123.SZ,3709316,981600,20210706,24136360,2180200,12.01,10.66
479916,0,11.03,11.04,11.05,11.06,11.07,13800,4100,24200,14700,45200,11.02,11.01,11.0,10.99,10.98,300,8200,38600,13500,29400,0,3536156,34425000,0,11.15,0,11.03,34426235,884039,11.0,1372,11.02,,10.97,0,0,300123.SZ,3702116,969800,20210706,24462323,2209800,12.01,10.66
483935,0,11.02,11.03,11.04,11.05,11.06,10500,16000,4100,24200,13700,11.01,11.0,10.99,10.98,10.97,8200,38600,13500,29400,48500,0,1999060,34428000,0,11.15,0,11.02,34429231,499765,11.0,1373,11.02,,10.97,0,0,300123.SZ,3716316,968600,20210706,24465629,2210100,12.0,10.66
487967,0,11.02,11.03,11.04,11.05,11.06,18500,16000,4100,22200,12700,11.01,11.0,10.99,10.98,10.97,4300,38600,13500,29400,48500,0,2819240,34431000,0,11.15,0,11.02,34432227,704810,11.0,1383,11.02,,10.97,0,0,300123.SZ,3725116,964700,20210706,24602228,2222500,12.0,10.66
491982,0,11.01,11.02,11.03,11.04,11.05,15900,17200,16000,4100,23700,11.0,10.99,10.98,10.97,10.96,26600,13500,29100,48500,11800,0,3955020,34434000,0,11.15,0,11.01,34435222,988755,11.0,1403,11.02,,10.97,0,0,300123.SZ,3740016,946100,20210706,24854263,2245400,12.0,10.65
495918,0,11.01,11.02,11.03,11.04,11.05,13500,26400,10400,4100,24400,11.0,10.99,10.98,10.97,10.96,46600,13500,29100,48500,11800,0,273760,34437000,0,11.15,0,11.01,34438217,68440,11.0,1405,11.02,,10.97,0,0,300123.SZ,3751216,966100,20210706,24880687,2247800,12.0,10.66
499937,0,11.01,11.02,11.03,11.04,11.05,15600,26000,10400,4100,24700,11.0,10.99,10.98,10.97,10.96,40300,13500,29100,48500,11800,0,787660,34440000,0,11.15,0,11.0,34441279,196915,11.0,1412,11.02,,10.97,0,0,300123.SZ,3774016,959800,20210706,24990714,2257800,12.01,10.65
504081,0,11.01,11.02,11.03,11.05,11.06,37400,34900,9400,24200,7100,11.0,10.99,10.98,10.97,10.96,29200,13500,29200,48500,11800,0,724972,34443000,0,11.15,0,11.0,34444212,181243,11.0,1426,11.02,,10.97,0,0,300123.SZ,3809216,938900,20210706,25117218,2269300,12.0,10.65
508148,0,11.0,11.01,11.02,11.03,11.05,91100,24500,34900,9400,23200,10.99,10.98,10.97,10.96,10.95,13000,29200,48500,11800,2100,0,2228888,34446000,0,11.15,0,10.99,34447204,557222,10.99,1440,11.02,,10.97,0,0,300123.SZ,3892516,907400,20210706,25448313,2299400,11.98,10.64
512232,0,10.99,11.0,11.01,11.02,11.03,16000,93400,20500,33700,8400,10.98,10.97,10.96,10.95,10.93,24200,47500,11800,3500,9400,0,2503564,34449000,0,11.15,0,10.99,34450200,625891,10.98,1462,11.02,,10.97,0,0,300123.SZ,3915116,889800,20210706,25721920,2324300,11.98,10.63
516269,0,10.99,11.0,11.01,11.02,11.03,16300,132000,31000,33300,6700,10.98,10.97,10.96,10.95,10.93,14500,47500,11800,3500,9400,0,3696944,34452000,0,11.15,0,10.98,34453197,924236,10.98,1477,11.02,,10.97,0,0,300123.SZ,3936916,894100,20210706,25828426,2334000,11.97,10.62
520314,0,10.99,11.0,11.01,11.02,11.03,7700,127600,21600,31700,6700,10.98,10.97,10.96,10.95,10.93,5700,47000,11800,3500,9400,0,1303524,34455000,0,11.15,0,10.98,34456193,325881,10.98,1494,11.02,,10.97,0,0,300123.SZ,3912816,883100,20210706,25980000,2347800,11.98,10.62
524381,0,10.98,10.99,11.0,11.01,11.02,16700,9400,124600,21600,23700,10.97,10.96,10.95,10.93,10.92,46000,11800,4000,9400,2100,0,1198996,34458000,0,11.15,0,10.98,34459186,299749,10.97,1505,11.02,,10.97,0,0,300123.SZ,3921816,876900,20210706,26054654,2354600,11.98,10.61
528394,0,10.98,10.99,11.0,11.01,11.02,31800,13400,118100,21600,23700,10.97,10.96,10.95,10.93,10.92,43000,11800,4000,9400,2100,0,2330104,34461000,0,11.15,0,10.97,34462182,582526,10.97,1511,11.02,,10.97,0,0,300123.SZ,3934716,877200,20210706,26199560,2367800,11.97,10.61
532395,0,10.98,10.99,11.0,11.01,11.02,74500,16000,119500,21600,23700,10.97,10.96,10.95,10.93,10.92,42000,11800,4000,9400,2100,0,809024,34464000,0,11.15,0,10.98,34465177,202256,10.97,1513,11.02,,10.97,0,0,300123.SZ,3995916,870100,20210706,26212726,2369000,11.96,10.61
536354,0,10.98,10.99,11.0,11.01,11.02,56100,12000,114500,21600,11300,10.97,10.96,10.95,10.93,10.92,20500,11800,4000,9400,2100,0,3159892,34467000,0,11.15,0,10.97,34468173,789973,10.97,1527,11.02,,10.97,0,0,300123.SZ,3957716,849600,20210706,26466144,2392100,11.97,10.6
540487,0,10.98,10.99,11.0,11.01,11.02,55800,18000,94300,20600,11300,10.97,10.96,10.95,10.93,10.92,6100,11800,4000,9400,2100,0,2274644,34470000,0,11.15,0,10.97,34471227,568661,10.97,1548,11.02,,10.97,0,0,300123.SZ,3918616,835200,20210706,26654836,2409300,11.98,10.6
544489,0,10.97,10.98,10.99,11.0,11.01,7800,31600,16200,94300,20600,10.96,10.95,10.93,10.92,10.91,6300,4000,10400,4100,1800,0,3529412,34473000,0,11.15,0,10.97,34474224,882353,10.96,1565,11.02,,10.97,0,0,300123.SZ,3901616,827600,20210706,26890676,2430800,11.98,10.59
548504,0,10.97,10.98,10.99,11.0,11.01,33700,31600,16200,94300,20600,10.96,10.95,10.93,10.92,10.91,6300,4000,10400,4100,1800,0,1220804,34476000,0,11.15,0,10.97,34477219,305201,10.96,1570,11.02,,10.97,0,0,300123.SZ,3922216,832900,20210706,26925780,2434000,11.98,10.59
552519,0,10.97,10.98,10.99,11.0,11.01,66000,29900,16200,94300,20600,10.96,10.95,10.93,10.92,10.91,9200,4000,10400,4100,1800,0,936504,34479000,0,11.15,0,10.96,34480215,234126,10.96,1580,11.02,,10.97,0,0,300123.SZ,3949016,835800,20210706,26981724,2439100,11.97,10.6
556448,0,10.97,10.98,10.99,11.0,11.01,67500,35200,16200,94300,20600,10.96,10.95,10.93,10.92,10.91,10700,4000,10400,4600,1800,0,3289868,34482000,0,11.15,0,10.97,34483209,822467,10.96,1590,11.02,,10.97,0,0,300123.SZ,3956416,837200,20210706,27150617,2454500,11.97,10.6
560469,0,10.96,10.97,10.98,10.99,11.0,5100,57900,34800,16200,94300,10.95,10.93,10.92,10.91,10.9,4000,10400,4600,3800,29400,0,572736,34485000,0,11.15,0,10.96,34486204,143184,10.96,1597,11.02,,10.97,0,0,300123.SZ,3966516,840200,20210706,27272277,2465600,11.97,10.59
564509,0,10.96,10.97,10.98,10.99,11.0,22100,56800,24800,15600,94300,10.92,10.91,10.9,10.89,10.88,4600,3800,28900,1500,17200,0,3613256,34488000,0,11.15,0,10.96,34489200,903314,10.93,1608,11.02,,10.97,0,0,300123.SZ,3973316,835300,20210706,27505298,2486900,11.97,10.59
568470,0,10.96,10.97,10.98,10.99,11.0,17000,34000,27800,11300,94700,10.95,10.93,10.92,10.91,10.9,100,13300,4600,3800,28900,0,2457860,34491000,0,11.15,0,10.96,34492195,614465,10.93,1615,11.02,,10.97,0,0,300123.SZ,3942516,848400,20210706,27658718,2500900,11.97,10.59
572455,0,10.96,10.97,10.98,10.99,11.0,16600,33400,28100,4400,96200,10.95,10.93,10.92,10.91,10.9,900,13300,9100,5800,28900,0,214368,34494000,0,11.15,0,10.96,34495191,53592,10.93,1618,11.02,,10.97,0,0,300123.SZ,3929616,855700,20210706,27695982,2504300,11.98,10.6
576429,0,10.94,10.95,10.96,10.97,10.98,1000,300,30600,29900,28600,10.93,10.92,10.91,10.9,10.89,13200,9100,6800,28900,1500,0,3993636,34497000,0,11.15,0,10.93,34498186,998409,10.93,1622,11.02,,10.97,0,0,300123.SZ,3946916,857700,20210706,27706930,2505300,11.98,10.6
580422,0,10.95,10.96,10.97,10.98,10.99,7800,31100,29900,22200,5400,10.94,10.93,10.92,10.91,10.9,3500,12700,10100,26800,28900,0,370084,34500000,0,11.15,0,10.94,34501252,92521,10.93,1626,11.02,,10.97,0,0,300123.SZ,3956316,881700,20210706,27723335,2506800,11.97,10.61
584542,0,10.95,10.96,10.97,10.98,10.99,7800,48800,29900,19700,5400,10.94,10.93,10.92,10.91,10.9,4600,1300,10100,26800,28900,0,3160640,34503000,0,11.15,0,10.94,34504238,790160,10.93,1629,11.02,,10.97,0,0,300123.SZ,3976816,871500,20210706,27737557,2508100,11.97,10.6
588613,0,10.95,10.96,10.97,10.98,10.99,7800,31300,29900,19700,5400,10.94,10.93,10.92,10.91,10.9,3800,1300,10100,26800,27900,0,1966708,34506000,0,11.15,0,10.94,34507232,491677,10.93,1633,11.02,,10.97,0,0,300123.SZ,3915416,870700,20210706,27792257,2513100,11.96,10.6
592680,0,10.95,10.96,10.97,10.98,10.99,12900,30700,34400,19700,5400,10.93,10.92,10.91,10.9,10.89,8000,12000,26800,27900,1500,0,1023028,34509000,0,11.15,0,10.94,34510229,255757,10.93,1638,11.02,,10.97,0,0,300123.SZ,3928216,878200,20210706,27837111,2517200,11.96,10.6
596691,0,10.95,10.96,10.97,10.98,10.99,10900,30200,34400,19400,5400,10.94,10.93,10.92,10.91,10.9,600,10600,15000,26800,32400,0,896144,34512000,0,11.15,0,10.95,34513224,224036,10.93,1653,11.02,,10.97,0,0,300123.SZ,3923916,890500,20210706,27896193,2522600,11.96,10.61
600734,0,10.94,10.95,10.96,10.97,10.98,600,5900,31600,21700,10000,10.93,10.92,10.91,10.9,10.89,9400,16000,26800,32400,1500,0,1678136,34515000,0,11.15,0,10.94,34516218,419534,10.93,1664,11.02,,10.97,0,0,300123.SZ,3900316,892900,20210706,27955238,2528000,11.97,10.61
604748,0,10.94,10.95,10.96,10.97,10.98,2400,5700,31100,21700,10000,10.93,10.92,10.91,10.9,10.89,11700,17100,26800,59100,1500,0,1725388,34518000,0,11.15,0,10.93,34519216,431347,10.93,1673,11.02,,10.97,0,0,300123.SZ,3924616,924400,20210706,28028484,2534700,11.96,10.62
608751,0,10.94,10.95,10.96,10.97,10.98,6700,7300,31100,21700,10000,10.93,10.92,10.91,10.9,10.89,10200,21400,26800,60100,1500,0,2469268,34521000,0,11.15,0,10.94,34522209,617317,10.93,1686,11.02,,10.97,0,0,300123.SZ,3935016,935300,20210706,28118177,2542900,11.96,10.62
612736,0,10.93,10.94,10.95,10.96,10.97,11000,1200,7300,30600,21700,10.92,10.91,10.9,10.89,10.88,21700,26800,62300,1500,19600,0,3835032,34524000,0,11.15,0,10.93,34525204,958758,10.93,1710,11.02,,10.97,0,0,300123.SZ,3931816,929300,20210706,28322623,2561600,11.96,10.62
616769,0,10.93,10.94,10.95,10.96,10.97,6900,28900,8400,27300,21700,10.92,10.91,10.9,10.89,10.88,21800,28700,63200,1500,19600,0,1591048,34527000,0,11.15,0,10.93,34528200,397762,10.93,1721,11.02,,10.97,0,0,300123.SZ,3957216,931000,20210706,28378366,2566700,11.96,10.62
620776,0,10.94,10.95,10.96,10.97,10.98,35100,8300,25300,19700,13000,10.93,10.92,10.91,10.9,10.89,2300,14300,29200,63200,1500,0,636372,34530000,0,11.15,0,10.93,34531196,159093,10.92,1746,11.02,,10.97,0,0,300123.SZ,3956416,927500,20210706,28552072,2582600,11.96,10.62
624758,0,10.94,10.95,10.96,10.97,10.98,15400,8300,23800,19700,13000,10.92,10.91,10.9,10.89,10.88,9300,29400,65200,1500,20300,0,1080352,34533000,0,11.15,0,10.92,34534192,270088,10.92,1768,11.02,,10.97,0,0,300123.SZ,3944216,921900,20210706,28672262,2593600,11.96,10.62
628737,0,10.94,10.95,10.96,10.97,10.98,14800,8300,23300,15400,13000,10.93,10.91,10.9,10.89,10.88,10300,33200,65200,1500,20600,0,3962464,34536000,0,11.15,0,10.93,34537247,990616,10.91,1790,11.02,,10.97,0,0,300123.SZ,3940816,927200,20210706,28867752,2611500,11.96,10.62
632832,0,10.93,10.94,10.95,10.96,10.97,7100,11300,8300,22800,15400,10.92,10.91,10.9,10.89,10.88,1000,33200,65200,1500,21600,0,963564,34539000,0,11.15,0,10.93,34540242,240891,10.91,1804,11.02,,10.97,0,0,300123.SZ,3950916,918900,20210706,29086344,2631500,11.96,10.61
636851,0,10.92,10.93,10.94,10.95,10.96,2500,4900,11300,8200,22800,10.91,10.9,10.89,10.88,10.87,32400,65200,2800,22500,8700,0,3734936,34542000,0,11.15,0,10.92,34543252,933734,10.91,1818,11.02,,10.97,0,0,300123.SZ,3953816,932400,20210706,29158463,2638100,11.96,10.62
640713,0,10.93,10.94,10.95,10.96,10.97,18800,11300,9500,6100,15400,10.92,10.91,10.9,10.89,10.88,3300,32700,65400,2800,22500,0,1187984,34545000,0,11.15,0,10.92,34546188,296996,10.91,1824,11.02,,10.97,0,0,300123.SZ,3963416,937900,20210706,29284043,2649600,11.96,10.62
644740,0,10.93,10.94,10.95,10.96,10.97,19800,11300,9500,6100,15400,10.92,10.91,10.9,10.89,10.88,1500,25400,65400,2800,22500,0,2437728,34548000,0,11.15,0,10.92,34549244,609432,10.91,1842,11.02,,10.97,0,0,300123.SZ,3971416,929600,20210706,29491525,2668600,11.96,10.62
648632,0,10.93,10.94,10.95,10.96,10.97,20900,12300,9500,4000,15400,10.92,10.91,10.9,10.89,10.88,1700,8400,75400,4800,22500,0,1025792,34551000,0,11.15,0,10.91,34552239,256448,10.91,1848,11.02,,10.97,0,0,300123.SZ,3974416,925300,20210706,29705388,2688200,11.96,10.61
652670,0,10.93,10.94,10.95,10.96,10.97,200,4800,9000,4000,15400,10.9,10.89,10.88,10.87,10.86,27500,4800,22500,9700,18900,0,926240,34554000,0,11.15,0,10.94,34555235,231560,10.9,1893,11.02,,10.97,0,0,300123.SZ,3931216,868600,20210706,30750861,2784000,11.96,10.6
656632,0,10.94,10.95,10.96,10.97,10.98,4800,9000,4000,15400,11700,10.92,10.91,10.9,10.89,10.88,100,700,28500,4800,22500,0,408380,34557000,0,11.15,0,10.92,34558231,102095,10.9,1900,11.02,,10.97,0,0,300123.SZ,3930416,870400,20210706,30874257,2795300,11.97,10.6
660486,0,10.93,10.94,10.95,10.96,10.97,1400,4800,9000,4000,15400,10.91,10.9,10.89,10.88,10.87,2200,28500,4800,22500,9700,0,3611964,34560000,0,11.15,0,10.92,34561295,902991,10.9,1905,11.02,,10.97,0,0,300123.SZ,3921816,873900,20210706,30889545,2796700,11.97,10.6
664664,0,10.92,10.93,10.94,10.95,10.96,600,1900,7400,9000,4000,10.91,10.9,10.89,10.88,10.87,1500,26700,4800,23700,9700,0,1426636,34563000,0,11.15,0,10.9,34564228,356659,10.9,1911,11.02,,10.97,0,0,300123.SZ,3927516,876000,20210706,31306237,2834900,11.97,10.6
668673,0,10.92,10.93,10.94,10.95,10.96,3800,5900,9300,51700,4000,10.91,10.9,10.89,10.88,10.87,3300,26900,4800,23700,9700,0,2649672,34566000,0,11.15,0,10.91,34567224,662418,10.9,1920,11.02,,10.97,0,0,300123.SZ,3713916,880100,20210706,31353165,2839200,12.02,10.6
672668,0,10.92,10.93,10.94,10.95,10.96,800,3500,10300,51700,4000,10.9,10.89,10.88,10.87,10.86,35100,6700,50600,9700,19000,0,3543912,34569000,0,11.15,0,10.92,34570214,885978,10.9,1940,11.02,,10.97,0,0,300123.SZ,3709816,914800,20210706,31491820,2851900,12.02,10.61
676706,0,10.93,10.94,10.95,10.96,10.97,2700,7700,50600,4000,15400,10.92,10.91,10.9,10.89,10.88,3000,2000,36700,12300,50600,0,429388,34572000,0,11.15,0,10.91,34573212,107347,10.9,1952,11.02,,10.97,0,0,300123.SZ,3708316,922100,20210706,31602021,2862000,12.02,10.61
680765,0,10.92,10.93,10.94,10.95,10.96,1500,1700,7700,49300,4000,10.91,10.9,10.89,10.88,10.87,700,31400,14300,50600,9000,0,2026872,34575000,0,11.15,0,10.91,34576203,506718,10.9,1968,11.02,,10.97,0,0,300123.SZ,3705116,919000,20210706,31844159,2884200,12.02,10.61
684856,0,10.94,10.95,10.96,10.97,10.98,5600,49300,4000,15400,11700,10.91,10.9,10.89,10.88,10.87,1100,33100,14900,50600,9000,0,792264,34578000,0,11.15,0,10.92,34579262,198066,10.9,1980,11.02,,10.97,0,0,300123.SZ,3702816,932400,20210706,31932671,2892300,12.02,10.61
688738,0,10.92,10.94,10.95,10.96,10.97,8400,5600,49300,4000,15400,10.91,10.9,10.89,10.88,10.87,3800,35800,14300,51100,9000,0,1205560,34581000,0,11.15,0,10.92,34582193,301390,10.9,1985,11.02,,10.97,0,0,300123.SZ,3713716,938200,20210706,31947947,2893700,12.02,10.61
692853,0,10.93,10.94,10.95,10.96,10.97,600,5600,49300,4000,15400,10.92,10.91,10.9,10.89,10.88,1700,20200,37100,15300,55100,0,1102040,34584000,0,11.15,0,10.92,34585254,275510,10.9,1998,11.02,,10.97,0,0,300123.SZ,3705816,969800,20210706,32094228,2907100,12.02,10.62
696868,0,10.93,10.94,10.95,10.96,10.97,600,5600,49300,4000,15400,10.91,10.9,10.89,10.88,10.87,19500,41800,15600,56100,10000,0,2782252,34587000,0,11.15,0,10.91,34588251,695563,10.9,2001,11.02,,10.97,0,0,300123.SZ,3706316,961200,20210706,32132439,2910600,12.02,10.62
700830,0,10.94,10.95,10.96,10.97,10.98,5300,49300,4000,15400,11700,10.93,10.92,10.91,10.9,10.89,1300,5400,24400,42300,15600,0,814988,34590000,0,11.15,0,10.93,34591245,203747,10.9,2005,11.02,,10.97,0,0,300123.SZ,3705916,973800,20210706,32161964,2913300,12.02,10.62
704829,0,10.94,10.95,10.96,10.97,10.98,1700,49300,1000,15400,11700,10.92,10.91,10.9,10.89,10.88,5000,24900,42300,16600,58200,0,1164324,34593000,0,11.15,0,10.92,34594238,291081,10.9,2021,11.02,,10.97,0,0,300123.SZ,3706916,976500,20210706,32361944,2931600,12.02,10.62
708755,0,10.95,10.96,10.97,10.98,10.99,10100,1000,15400,11700,5400,10.93,10.92,10.91,10.9,10.89,4900,7400,35000,43900,16600,0,379828,34596000,0,11.15,0,10.93,34597230,94957,10.9,2028,11.02,,10.97,0,0,300123.SZ,3667916,997500,20210706,32822898,2973700,12.04,10.63
712770,0,10.95,10.96,10.97,10.98,10.99,10100,1000,15400,11700,5400,10.94,10.93,10.92,10.91,10.9,600,3700,7400,35400,44600,0,78604,34599000,0,11.15,0,10.93,34600232,19651,10.9,2031,11.02,,10.97,0,0,300123.SZ,3678216,998800,20210706,32868804,2977900,12.04,10.63
716717,0,10.95,10.96,10.97,10.98,10.99,9600,1000,15400,11700,5400,10.93,10.92,10.91,10.9,10.89,3200,17500,36100,45600,16600,0,1546000,34602000,0,11.15,0,10.93,34603226,386500,10.9,2039,11.02,,10.97,0,0,300123.SZ,3686716,1015300,20210706,32910367,2981700,12.04,10.64
720587,0,10.93,10.95,10.96,10.97,10.98,100,11800,1000,15400,11700,10.92,10.91,10.9,10.89,10.88,400,36100,48600,16600,58200,0,2655316,34605000,0,11.15,0,10.93,34606216,663829,10.9,2059,11.02,,10.97,0,0,300123.SZ,3690116,1010000,20210706,33262057,3013900,12.03,10.63
724621,0,10.93,10.94,10.95,10.96,10.97,1300,1800,11800,1000,15400,10.91,10.9,10.89,10.88,10.87,32500,49100,16600,58200,12900,0,34468,34608000,0,11.15,0,10.93,34609216,8617,10.9,2068,11.02,,10.97,0,0,300123.SZ,3693116,1009000,20210706,33322096,3019400,12.03,10.63
728492,0,10.94,10.95,10.96,10.97,10.98,1000,3000,1000,15400,11700,10.93,10.92,10.91,10.9,10.89,100,50400,32500,49100,20100,0,405636,34611000,0,11.15,0,10.95,34612207,101409,10.9,2076,11.02,,10.97,0,0,300123.SZ,3685116,1069000,20210706,33452357,3031300,12.04,10.64
732474,0,10.94,10.95,10.96,10.97,10.98,1900,3000,1000,15400,8700,10.93,10.92,10.91,10.9,10.89,700,55400,34500,48100,20600,0,1507400,34614000,0,11.15,0,10.95,34615202,376850,10.9,2076,11.02,,10.97,0,0,300123.SZ,3686216,1085600,20210706,33452357,3031300,12.04,10.65
736433,0,10.96,10.97,10.98,10.99,11.0,4700,15400,8700,5400,16800,10.93,10.92,10.91,10.9,10.89,200,55900,38700,50400,20600,0,2360676,34617000,0,11.15,0,10.95,34618198,590169,10.9,2094,11.02,,10.97,0,0,300123.SZ,3685316,1110900,20210706,33573873,3042400,12.04,10.65
740181,0,10.96,10.97,10.98,10.99,11.0,4500,15400,8700,5400,16800,10.95,10.94,10.93,10.92,10.91,2800,7400,1700,57900,56900,0,3596332,34620000,0,11.15,0,10.96,34621259,899083,10.9,2096,11.02,,10.97,0,0,300123.SZ,3685116,1145100,20210706,33581540,3043100,12.04,10.66
744358,0,10.96,10.97,10.98,10.99,11.0,5200,15400,8700,5400,17600,10.94,10.93,10.92,10.91,10.9,12500,5300,58900,56900,51900,0,3643980,34623000,0,11.15,0,10.96,34624254,910995,10.9,2100,11.02,,10.97,0,0,300123.SZ,3690916,1153600,20210706,33620958,3046700,12.04,10.66
748135,0,10.96,10.97,10.98,10.99,11.0,3700,15400,8700,5400,17600,10.94,10.93,10.92,10.91,10.9,7600,8800,61100,59900,51900,0,460848,34626000,0,11.15,0,10.94,34627244,115212,10.9,2108,11.02,,10.97,0,0,300123.SZ,3691416,1161600,20210706,34020598,3083200,12.04,10.66
752204,0,10.96,10.97,10.98,10.99,11.0,3700,15400,8700,5400,17600,10.95,10.94,10.93,10.92,10.91,6800,7600,11900,61100,59900,0,650936,34629000,0,11.15,0,10.94,34630243,162734,10.9,2108,11.02,,10.97,0,0,300123.SZ,3686616,1178600,20210706,34020598,3083200,12.04,10.66
756176,0,10.98,10.99,11.0,11.01,11.02,8700,5400,17600,2800,2800,10.97,10.95,10.94,10.93,10.92,24000,7800,7600,12900,61100,0,3551960,34632000,0,11.15,0,10.97,34633243,887990,10.9,2130,11.02,,10.97,0,0,300123.SZ,3670916,1163300,20210706,34319994,3110500,12.04,10.66
760132,0,10.97,10.98,10.99,11.0,11.01,10000,12200,5400,17600,2800,10.96,10.95,10.94,10.93,10.92,800,7900,8100,13300,56600,0,3129112,34635000,0,11.15,0,10.97,34636233,782278,10.9,2138,11.02,,10.97,0,0,300123.SZ,3682916,1124000,20210706,34620572,3137900,12.04,10.65
764113,0,10.97,10.98,10.99,11.0,11.01,11400,12200,5400,17600,2800,10.96,10.95,10.94,10.93,10.92,1900,8100,11000,13300,57800,0,3478760,34638000,0,11.15,0,10.97,34639228,869690,10.9,2140,11.02,,10.97,0,0,300123.SZ,3682716,1131100,20210706,34634833,3139200,12.04,10.65
767988,0,10.96,10.97,10.98,10.99,11.0,7600,2900,12200,5400,17600,10.95,10.94,10.93,10.92,10.91,1000,11500,12300,60600,25100,0,2203728,34641000,0,11.15,0,10.96,34642226,550932,10.9,2147,11.02,,10.97,0,0,300123.SZ,3683816,1131200,20210706,34745458,3149300,12.04,10.65
771933,0,10.96,10.97,10.98,10.99,11.0,2400,11300,8200,5400,17600,10.95,10.94,10.93,10.92,10.91,2100,12500,12800,60600,25100,0,2962696,34644000,0,11.15,0,10.96,34645222,740674,10.9,2153,11.02,,10.97,0,0,300123.SZ,3684616,1134900,20210706,34804640,3154700,12.04,10.65
775789,0,10.95,10.96,10.97,10.98,10.99,6500,8700,12600,8200,5400,10.94,10.93,10.92,10.91,10.9,12500,12800,60600,24600,66100,0,449960,34647000,0,11.15,0,10.95,34648212,112490,10.9,2163,11.02,,10.97,0,0,300123.SZ,3701216,1133300,20210706,34872567,3160900,12.04,10.65
779768,0,10.95,10.96,10.97,10.98,10.99,3600,12700,12600,8200,5400,10.94,10.93,10.92,10.91,10.9,12500,13800,60600,24600,66100,0,3973900,34650000,0,11.15,0,10.95,34651206,993475,10.9,2167,11.02,,10.97,0,0,300123.SZ,3724216,1135300,20210706,34937172,3166800,12.04,10.65
783926,0,10.96,10.97,10.98,10.99,11.0,10600,12600,8200,5400,17600,10.95,10.94,10.93,10.92,10.91,600,10500,13800,61100,24600,0,2820052,34653000,0,11.15,0,10.95,34654268,705013,10.9,2174,11.02,,10.97,0,0,300123.SZ,3710416,1134000,20210706,35016033,3174000,12.04,10.65
787906,0,10.96,10.97,10.98,10.99,11.0,10600,12600,8200,5400,17200,10.95,10.94,10.93,10.92,10.91,4800,25500,13800,61100,41800,0,1711512,34656000,0,11.15,0,10.95,34657261,427878,10.9,2175,11.02,,10.97,0,0,300123.SZ,3691316,1170400,20210706,35018223,3174200,12.04,10.66
791880,0,10.96,10.97,10.98,10.99,11.0,10600,11300,8200,5400,17200,10.95,10.94,10.93,10.92,10.91,3900,25500,13700,61100,38100,0,3416244,34659000,0,11.15,0,10.95,34660257,854061,10.9,2178,11.02,,10.97,0,0,300123.SZ,3726716,1170700,20210706,35035743,3175800,12.03,10.66
795845,0,10.96,10.97,10.98,10.99,11.0,6700,11300,8200,5400,17200,10.95,10.94,10.93,10.92,10.91,1700,25600,13700,61100,38400,0,2938244,34662000,0,11.15,0,10.96,34663255,734561,10.9,2189,11.02,,10.97,0,0,300123.SZ,3732416,1175900,20210706,35138712,3185200,12.03,10.66
799752,0,10.96,10.97,10.98,10.99,11.0,4000,11300,8200,5400,17200,10.95,10.94,10.93,10.92,10.91,1000,18800,31900,61300,38400,0,433996,34665000,0,11.15,0,10.94,34666248,108499,10.9,2197,11.02,,10.97,0,0,300123.SZ,3733116,1208000,20210706,35231719,3193700,12.03,10.67
803648,0,10.96,10.97,10.98,10.99,11.0,3900,11300,8200,5400,17200,10.95,10.94,10.93,10.92,10.91,2600,3800,31900,61300,38400,0,3824076,34668000,0,11.15,0,10.95,34669244,956019,10.9,2199,11.02,,10.97,0,0,300123.SZ,3733816,1194500,20210706,35237195,3194200,12.03,10.66
807609,0,10.96,10.97,10.98,10.99,11.0,3800,11300,8200,5400,17200,10.95,10.94,10.93,10.92,10.91,6500,3800,29900,61300,38400,0,2005088,34671000,0,11.15,0,10.96,34672300,501272,10.9,2200,11.02,,10.97,0,0,300123.SZ,3755116,1186300,20210706,35238291,3194300,12.03,10.66
811487,0,10.97,10.98,10.99,11.0,11.01,11300,8200,5400,17200,2800,10.96,10.95,10.94,10.93,10.92,8400,24400,3800,30100,61300,0,1475796,34674000,0,11.15,0,10.96,34675234,368949,10.9,2207,11.02,,10.97,0,0,300123.SZ,3748816,1214200,20210706,35330339,3202700,12.03,10.67
815408,0,10.97,10.98,10.99,11.0,11.01,11300,8200,5400,17800,2800,10.96,10.95,10.94,10.93,10.92,100,7800,4800,30100,61300,0,2668100,34677000,0,11.15,0,10.95,34678229,667025,10.9,2219,11.02,,10.97,0,0,300123.SZ,3750816,1190100,20210706,35637032,3230700,12.03,10.66
819216,0,10.97,10.98,10.99,11.0,11.01,11300,8200,5400,17800,2800,10.96,10.95,10.94,10.93,10.92,100,7500,4800,29100,61300,0,142392,34680000,0,11.15,0,10.95,34681289,35598,10.9,2223,11.02,,10.97,0,0,300123.SZ,3755616,1189800,20210706,35666611,3233400,12.03,10.66
823179,0,10.97,10.98,10.99,11.0,11.01,10100,8200,5400,17800,2800,10.96,10.95,10.94,10.93,10.92,2100,9100,6600,29100,61300,0,2954404,34683000,0,11.15,0,10.97,34684276,738601,10.9,2225,11.02,,10.97,0,0,300123.SZ,3754416,1198700,20210706,35679775,3234600,12.03,10.67
827193,0,10.97,10.98,10.99,11.0,11.01,10100,8200,5400,17800,2800,10.96,10.95,10.94,10.93,10.92,3700,11000,8300,29100,61300,0,176984,34686000,0,11.15,0,10.96,34687216,44246,10.9,2227,11.02,,10.97,0,0,300123.SZ,3763116,1204400,20210706,35684159,3235000,12.03,10.67
831160,0,10.97,10.98,10.99,11.0,11.01,8600,4700,5400,17800,2800,10.96,10.95,10.94,10.93,10.92,15500,11000,8300,29100,61300,0,1389436,34689000,0,11.15,0,10.96,34690211,347359,10.9,2244,11.02,,10.97,0,0,300123.SZ,3758116,1210300,20210706,35755399,3241500,12.03,10.67
835168,0,10.97,10.98,10.99,11.0,11.01,2000,4700,6400,17800,2800,10.96,10.95,10.94,10.93,10.92,15500,12900,8300,29100,61300,0,2085752,34692000,0,11.15,0,10.97,34693205,521438,10.9,2248,11.02,,10.97,0,0,300123.SZ,3754716,1221200,20210706,35827801,3248100,12.03,10.67
839176,0,10.98,10.99,11.0,11.01,11.02,4700,6400,17800,2800,2800,10.97,10.96,10.95,10.94,10.93,3700,25500,12900,8600,27100,0,3947952,34695000,0,11.15,0,10.97,34696268,986988,10.9,2250,11.02,,10.97,0,0,300123.SZ,3759116,1233200,20210706,35853032,3250400,12.03,10.67
843126,0,10.98,10.99,11.0,11.01,11.02,4700,6400,17800,2800,2800,10.97,10.96,10.95,10.94,10.93,5500,33300,15300,6800,27100,0,1972112,34698000,0,11.15,0,10.97,34699257,493028,10.9,2251,11.02,,10.97,0,0,300123.SZ,3760616,1243400,20210706,35854129,3250500,12.03,10.67
847051,0,10.98,10.99,11.0,11.01,11.02,4700,8100,17800,2800,2800,10.97,10.96,10.95,10.94,10.93,19100,33800,16300,8800,27100,0,3960668,34701000,0,11.15,0,10.97,34702251,990167,10.9,2256,11.02,,10.97,0,0,300123.SZ,3762316,1262500,20210706,35896912,3254400,12.03,10.68
850976,0,10.98,10.99,11.0,11.01,11.02,4300,12100,17300,2800,2800,10.97,10.96,10.95,10.94,10.93,19900,33800,44300,8800,27100,0,1804804,34704000,0,11.15,0,10.98,34705247,451201,10.9,2257,11.02,,10.97,0,0,300123.SZ,3766416,1291500,20210706,35901304,3254800,12.03,10.69
854913,0,10.98,10.99,11.0,11.01,11.02,1200,12100,16800,2800,2800,10.97,10.96,10.95,10.94,10.93,22900,35000,44300,8800,27100,0,551252,34707000,0,11.15,0,10.98,34708243,137813,10.9,2260,11.02,,10.97,0,0,300123.SZ,3803116,1295700,20210706,35935342,3257900,12.03,10.69
858816,0,10.99,11.0,11.01,11.02,11.03,12100,16800,2800,2800,6100,10.98,10.97,10.96,10.95,10.94,3500,25600,35000,50000,8800,0,3790724,34710000,0,11.15,0,10.98,34711238,947681,10.9,2266,11.02,,10.97,0,0,300123.SZ,3802916,1308600,20210706,35957302,3259900,12.03,10.69
862668,0,10.99,11.0,11.01,11.02,11.03,11100,16800,2800,2800,6100,10.98,10.97,10.96,10.95,10.94,19500,23600,35000,50000,8800,0,3213760,34713000,0,11.15,0,10.98,34714238,803440,10.9,2272,11.02,,10.97,0,0,300123.SZ,3803316,1326200,20210706,36006712,3264400,12.03,10.69
866568,0,10.99,11.0,11.01,11.02,11.03,9900,16800,2800,2800,6100,10.98,10.97,10.96,10.95,10.94,29500,23600,35000,50000,8800,0,1194896,34716000,0,11.15,0,10.98,34717231,298724,10.9,2279,11.02,,10.97,0,0,300123.SZ,3802116,1337100,20210706,36041850,3267600,12.03,10.69
870499,0,10.99,11.0,11.01,11.02,11.03,7900,16800,2800,2800,6100,10.98,10.97,10.96,10.95,10.94,31900,20700,35000,51000,11800,0,300524,34719000,0,11.15,0,10.99,34720225,75131,10.9,2284,11.02,,10.97,0,0,300123.SZ,3804816,1343100,20210706,36071516,3270300,12.03,10.7
874380,0,11.0,11.01,11.02,11.03,11.05,15500,2800,2800,6100,24200,10.98,10.97,10.96,10.95,10.94,32400,20700,35000,51000,11800,0,59288,34722000,0,11.15,0,10.99,34723219,14822,10.9,2292,11.02,,10.97,0,0,300123.SZ,3796716,1331200,20210706,36185834,3280700,12.04,10.69
878223,0,11.0,11.01,11.02,11.03,11.05,15500,2800,2800,6100,24200,10.99,10.98,10.97,10.96,10.95,5000,33400,20700,35000,51000,0,1589368,34725000,0,11.15,0,10.99,34726212,397342,10.9,2292,11.02,,10.97,0,0,300123.SZ,3804516,1341600,20210706,36185834,3280700,12.04,10.69
882176,0,11.0,11.01,11.02,11.03,11.05,15500,2800,2800,6100,24200,10.99,10.98,10.97,10.96,10.95,5900,33400,20400,35000,48100,0,1642720,34728000,0,11.15,0,10.99,34729209,410680,10.9,2294,11.02,,10.97,0,0,300123.SZ,3806716,1341800,20210706,36204517,3282400,12.04,10.69
886030,0,11.0,11.01,11.02,11.03,11.05,15500,2800,2800,6100,24200,10.99,10.98,10.97,10.96,10.95,12000,36000,17900,35000,48100,0,3719152,34731000,0,11.15,0,10.99,34732201,929788,10.9,2294,11.02,,10.97,0,0,300123.SZ,3764216,1328800,20210706,36204517,3282400,12.02,10.69
889915,0,11.0,11.01,11.02,11.03,11.05,14800,2800,2800,6100,24200,10.99,10.98,10.97,10.96,10.95,11000,35000,17900,35000,48100,0,2267756,34734000,0,11.15,0,11.0,34735197,566939,10.9,2298,11.02,,10.97,0,0,300123.SZ,3766016,1295200,20210706,36223207,3284100,12.02,10.69
893908,0,11.0,11.01,11.02,11.03,11.05,12800,2800,2800,6100,24200,10.99,10.98,10.97,10.96,10.95,12600,35000,17100,35000,51100,0,1117540,34737000,0,11.15,0,11.0,34738258,279385,10.9,2309,11.02,,10.97,0,0,300123.SZ,3772016,1298800,20210706,36250687,3286600,12.03,10.69
897602,0,11.0,11.01,11.02,11.03,11.05,12800,2800,2800,6100,24200,10.99,10.98,10.97,10.96,10.95,12200,32700,17100,35000,51100,0,2166228,34740000,0,11.15,0,11.0,34741256,541557,10.9,2316,11.02,,10.97,0,0,300123.SZ,3742216,1294500,20210706,36283677,3289600,12.03,10.69
901689,0,11.0,11.01,11.02,11.03,11.05,9400,2800,2800,6100,24200,10.99,10.98,10.97,10.96,10.95,1000,25200,15200,35000,51200,0,506136,34743000,0,11.15,0,11.0,34744252,126534,10.9,2329,11.02,,10.97,0,0,300123.SZ,3788216,1273900,20210706,36455155,3305200,12.04,10.68
905444,0,11.0,11.01,11.02,11.03,11.05,8700,2800,2800,6100,24200,10.98,10.97,10.96,10.95,10.94,24600,15200,35000,51200,12800,0,1309912,34746000,0,11.15,0,11.0,34747240,327478,10.9,2345,11.02,,10.97,0,0,300123.SZ,3788816,1275300,20210706,36572809,3315900,12.04,10.68
909491,0,10.99,11.0,11.01,11.02,11.03,11300,2600,2800,2800,7100,10.98,10.97,10.96,10.95,10.94,24300,15200,35000,51200,11800,0,3709460,34749000,0,11.15,0,10.99,34750238,927365,10.9,2354,11.02,,10.97,0,0,300123.SZ,3806816,1271000,20210706,36725628,3329800,12.04,10.68
913445,0,10.99,11.0,11.01,11.02,11.03,8700,3600,2800,2800,7100,10.98,10.97,10.96,10.95,10.94,24300,15200,35000,51200,11800,0,2084236,34752000,0,11.15,0,10.99,34753235,521059,10.9,2358,11.02,,10.97,0,0,300123.SZ,3800216,1269700,20210706,36759697,3332900,12.04,10.68
917389,0,10.99,11.0,11.01,11.02,11.03,6200,3600,2800,2800,7100,10.98,10.97,10.96,10.95,10.94,24900,15200,35000,51200,11800,0,3155112,34755000,0,11.15,0,10.98,34756233,788778,10.9,2367,11.02,,10.97,0,0,300123.SZ,3860216,1272700,20210706,36817916,3338200,12.06,10.68
921239,0,10.98,10.99,11.0,11.01,11.02,5700,3600,8000,2800,7800,10.97,10.96,10.95,10.94,10.93,15200,35000,51200,11100,13900,0,2498204,34758000,0,11.15,0,10.98,34759224,624551,10.9,2385,11.02,,10.97,0,0,300123.SZ,3885816,1246400,20210706,37114376,3365200,12.05,10.68
925134,0,10.98,10.99,11.0,11.01,11.02,14200,3300,13700,2800,7800,10.97,10.96,10.95,10.94,10.93,15200,35000,51200,11100,13900,0,139232,34761000,0,11.15,0,10.98,34762222,34808,10.9,2388,11.02,,10.97,0,0,300123.SZ,3933916,1247500,20210706,37163786,3369700,12.04,10.68
929052,0,10.98,10.99,11.0,11.01,11.02,18000,2900,15200,2800,7800,10.97,10.96,10.95,10.94,10.93,5900,35000,51200,11100,13900,0,2503628,34764000,0,11.15,0,10.97,34765215,625907,10.9,2413,11.02,,10.97,0,0,300123.SZ,3943616,1235600,20210706,37331652,3385000,12.04,10.67
932951,0,10.99,11.0,11.01,11.02,11.03,7000,16200,2800,7800,9100,10.97,10.96,10.95,10.94,10.93,5900,40000,51200,11100,15400,0,644896,34767000,0,11.15,0,10.99,34768211,161224,10.9,2422,11.02,,10.97,0,0,300123.SZ,3936516,1242000,20210706,37507396,3401000,12.04,10.67
936797,0,10.97,10.98,10.99,11.0,11.01,14000,300,3500,16200,2800,10.96,10.95,10.94,10.93,10.92,34800,51200,11100,15400,18100,0,2629572,34770000,0,11.15,0,10.96,34771204,657393,10.9,2437,11.02,,10.97,0,0,300123.SZ,3951516,1232400,20210706,37915428,3438200,12.04,10.67
940721,0,10.97,10.98,10.99,11.0,11.01,22200,300,3500,16200,2800,10.96,10.95,10.94,10.93,10.92,22500,51200,11100,15400,18100,0,2267332,34773000,0,11.15,0,10.97,34774261,566833,10.9,2443,11.02,,10.97,0,0,300123.SZ,3961316,1217500,20210706,38037165,3449300,12.04,10.67
944616,0,10.97,10.98,10.99,11.0,11.01,2800,500,4100,16200,2800,10.96,10.95,10.94,10.93,10.92,16700,51200,11100,15400,18100,0,3355996,34776000,0,11.15,0,10.97,34777256,838999,10.9,2451,11.02,,10.97,0,0,300123.SZ,3948316,1210700,20210706,38324521,3475500,12.04,10.67
948490,0,10.97,10.98,10.99,11.0,11.01,800,500,4100,16200,2800,10.96,10.95,10.94,10.93,10.92,17500,51200,11100,15400,18100,0,3460584,34779000,0,11.15,0,10.97,34780252,865146,10.9,2456,11.02,,10.97,0,0,300123.SZ,3966116,1205200,20210706,38346461,3477500,12.04,10.67
952247,0,10.98,10.99,11.0,11.01,11.02,300,4000,27200,2800,7800,10.97,10.96,10.95,10.94,10.93,3300,17200,51200,11100,15400,0,84200,34782000,0,11.15,0,10.97,34783245,21050,10.9,2461,11.02,,10.97,0,0,300123.SZ,3977416,1210500,20210706,38361818,3478900,12.04,10.67
956192,0,10.98,10.99,11.0,11.01,11.02,500,4000,29800,2800,7800,10.97,10.96,10.95,10.94,10.93,3200,23700,52300,11100,15400,0,3524112,34785000,0,11.15,0,10.97,34786244,881028,10.9,2463,11.02,,10.97,0,0,300123.SZ,3981116,1218000,20210706,38393631,3481800,12.04,10.67
960083,0,10.98,10.99,11.0,11.01,11.02,500,4000,31700,2800,7800,10.97,10.96,10.95,10.94,10.93,3300,25000,52300,11100,13400,0,2147288,34788000,0,11.15,0,10.97,34789238,536822,10.9,2463,11.02,,10.97,0,0,300123.SZ,3983216,1218700,20210706,38393631,3481800,12.04,10.67
963963,0,10.97,10.98,10.99,11.0,11.01,100,1700,4000,31700,2800,10.96,10.95,10.94,10.93,10.92,23800,52300,11100,13400,18400,0,573612,34791000,0,11.15,0,10.97,34792234,143403,10.9,2472,11.02,,10.97,0,0,300123.SZ,3985016,1217300,20210706,38435317,3485600,12.04,10.67
967805,0,11.0,11.01,11.02,11.03,11.04,31700,2800,7800,8900,500,10.99,10.98,10.97,10.96,10.95,6800,600,6000,23300,51300,0,1538372,34794000,0,11.15,0,10.99,34795229,384593,10.9,2481,11.02,,10.97,0,0,300123.SZ,3984816,1229900,20210706,38521000,3493400,12.04,10.67
971655,0,11.0,11.01,11.02,11.03,11.04,33200,2800,7800,8900,500,10.99,10.98,10.97,10.96,10.95,5500,2900,6600,23300,51400,0,1087108,34797000,0,11.15,0,10.99,34798226,271777,10.9,2484,11.02,,10.97,0,0,300123.SZ,3990316,1231600,20210706,38535287,3494700,12.04,10.67
975350,0,11.0,11.01,11.02,11.03,11.04,33900,2800,14300,8900,500,10.96,10.95,10.94,10.93,10.92,22200,48300,11100,13400,18600,0,1879532,34800000,0,11.15,0,10.96,34801284,469883,10.9,2498,11.02,,10.97,0,0,300123.SZ,4035316,1216300,20210706,38754814,3514700,12.04,10.67
979495,0,10.99,11.0,11.01,11.02,11.03,4000,33900,2800,14300,8900,10.98,10.97,10.96,10.95,10.94,1900,2000,24200,48300,11100,0,3049764,34803000,0,11.15,0,10.96,34804274,762441,10.9,2498,11.02,,10.97,0,0,300123.SZ,4046216,1222000,20210706,38754814,3514700,12.04,10.67
983428,0,10.99,11.0,11.01,11.02,11.03,16800,34400,2800,9300,8900,10.98,10.97,10.96,10.95,10.94,400,3000,24200,48300,11100,0,1558420,34806000,0,11.15,0,10.98,34807271,389605,10.9,2504,11.02,,10.97,0,0,300123.SZ,4054516,1226500,20210706,38771284,3516200,12.04,10.67
987277,0,10.98,10.99,11.0,11.01,11.02,600,19600,36400,2800,9300,10.96,10.95,10.94,10.93,10.92,12800,48300,11100,12900,19100,0,3183228,34809000,0,11.15,0,10.97,34810206,795807,10.9,2518,11.02,,10.97,0,0,300123.SZ,4061916,1211700,20210706,38952177,3532700,12.04,10.67
991239,0,10.98,10.99,11.0,11.01,11.02,3400,12900,36400,2800,9300,10.97,10.96,10.95,10.94,10.93,1800,7300,48300,11100,12900,0,2507324,34812000,0,11.15,0,10.97,34813263,626831,10.9,2537,11.02,,10.97,0,0,300123.SZ,4060016,1212000,20210706,39123388,3548300,12.04,10.67
995237,0,10.98,10.99,11.0,11.01,11.02,12700,12900,36400,3900,9300,10.97,10.96,10.95,10.94,10.93,5900,7300,48300,11100,12900,0,1589768,34815000,0,11.15,0,10.98,34816258,397442,10.9,2540,11.02,,10.97,0,0,300123.SZ,4072516,1209100,20210706,39134363,3549300,12.03,10.67
999198,0,10.98,10.99,11.0,11.01,11.02,17100,12900,41400,3900,12600,10.97,10.96,10.95,10.94,10.93,6800,7800,48300,11100,12900,0,3511780,34818000,0,11.15,0,10.98,34819253,877945,10.9,2541,11.02,,10.97,0,0,300123.SZ,4084116,1214500,20210706,39155225,3551200,12.03,10.67
1003157,0,10.97,10.98,10.99,11.0,11.01,29900,19400,12900,50900,3900,10.96,10.95,10.94,10.93,10.92,7000,48300,11100,16000,19100,0,141528,34821000,0,11.15,0,10.97,34822251,35382,10.9,2553,11.02,,10.97,0,0,300123.SZ,4133416,1210000,20210706,39468968,3579800,12.02,10.67
1007100,0,10.97,10.98,10.99,11.0,11.01,30600,19800,12900,50900,3900,10.95,10.94,10.93,10.92,10.91,48800,11100,16000,19100,44200,0,676984,34824000,0,11.15,0,10.97,34825246,169246,10.9,2564,11.02,,10.97,0,0,300123.SZ,4139516,1217900,20210706,39619127,3593500,12.02,10.67
1011027,0,11.02,11.03,11.04,11.05,11.06,12600,8900,500,16900,5200,10.99,10.98,10.97,10.96,10.95,100,1200,12100,7100,53500,0,369060,34827000,0,11.15,0,11.01,34828241,92265,10.9,2607,11.02,,10.97,0,0,300123.SZ,4022416,1243600,20210706,40949763,3714600,12.05,10.67
1014987,0,11.03,11.04,11.05,11.06,11.07,8900,500,16900,6200,31200,11.02,11.0,10.99,10.98,10.97,3900,14600,2300,14500,4600,0,3727012,34830000,0,11.15,0,11.02,34831235,931753,10.9,2627,11.02,,10.97,0,0,300123.SZ,4024916,1271200,20210706,41175351,3735100,12.05,10.68
1018868,0,11.03,11.04,11.05,11.06,11.07,8900,500,16600,6200,31200,10.99,10.98,10.97,10.96,10.95,9300,500,37200,8100,52600,0,2674560,34833000,0,11.15,0,10.99,34834230,668640,10.9,2652,11.02,,10.97,0,0,300123.SZ,4021216,1281300,20210706,42014419,3811500,12.05,10.68
1022739,0,11.02,11.03,11.04,11.05,11.06,2000,8900,500,16600,6200,10.97,10.96,10.95,10.94,10.93,20900,8100,54800,11100,16000,0,1496600,34836000,0,11.15,0,10.97,34837224,374150,10.9,2662,11.02,,10.97,0,0,300123.SZ,4022516,1256100,20210706,42307535,3838200,12.05,10.68
1026701,0,11.0,11.02,11.03,11.04,11.05,1700,2000,11400,500,16600,10.98,10.97,10.96,10.95,10.94,15100,5500,8100,55200,11100,0,1755108,34839000,0,11.15,0,11.0,34840222,438777,10.9,2664,11.02,,10.97,0,0,300123.SZ,4031416,1256500,20210706,42321835,3839500,12.05,10.68
1030617,0,11.02,11.03,11.04,11.05,11.06,3400,11400,500,16600,6200,11.0,10.98,10.97,10.96,10.95,7000,15100,8500,8000,55200,0,605820,34842000,0,11.15,0,11.0,34843218,151455,10.9,2675,11.02,,10.97,0,0,300123.SZ,4042116,1266400,20210706,42451634,3851300,12.05,10.68
1034474,0,11.02,11.03,11.04,11.05,11.06,3400,11400,2200,16600,6700,11.0,10.99,10.98,10.97,10.96,7000,5400,15100,11000,9600,0,924664,34845000,0,11.15,0,11.0,34846268,231166,10.9,2675,11.02,,10.97,0,0,300123.SZ,4061016,1276900,20210706,42451634,3851300,12.05,10.68
1038343,0,11.02,11.03,11.04,11.05,11.06,6400,11400,2500,16600,6700,11.0,10.99,10.98,10.97,10.96,1200,5400,15100,11000,11600,0,474020,34848000,0,11.15,0,11.02,34849204,118505,10.9,2678,11.02,,10.97,0,0,300123.SZ,4066116,1283200,20210706,42528654,3858300,12.05,10.68
1042189,0,11.02,11.03,11.04,11.05,11.06,6400,11400,2500,16600,6700,11.0,10.99,10.98,10.97,10.96,10000,10900,15500,11900,11600,0,2012368,34851000,0,11.15,0,10.98,34852199,503092,10.9,2683,11.02,,10.97,0,0,300123.SZ,4070116,1298800,20210706,42628686,3867400,12.05,10.69
1046125,0,11.02,11.03,11.04,11.05,11.06,2600,11400,2500,16600,6700,11.0,10.99,10.98,10.97,10.96,11900,11200,15500,11900,11900,0,2542160,34854000,0,11.15,0,11.0,34855257,635540,10.9,2688,11.02,,10.97,0,0,300123.SZ,4067916,1300300,20210706,42687062,3872700,12.05,10.69
1049963,0,11.01,11.02,11.03,11.04,11.05,900,2600,11400,2500,16600,11.0,10.99,10.98,10.97,10.96,5000,11200,16500,11900,11900,0,1174176,34857000,0,11.15,0,11.0,34858253,293544,10.9,2690,11.02,,10.97,0,0,300123.SZ,4070316,1299800,20210706,42762962,3879600,12.05,10.69
1053659,0,11.01,11.02,11.03,11.04,11.05,400,4700,11400,2500,16600,11.0,10.99,10.98,10.97,10.96,2800,11200,20000,11900,13100,0,1888516,34860000,0,11.15,0,11.01,34861251,472129,10.9,2695,11.02,,10.97,0,0,300123.SZ,4065816,1301300,20210706,42793767,3882400,12.05,10.69
1057702,0,11.03,11.04,11.05,11.06,11.07,11400,2500,16600,6700,31200,11.02,11.0,10.99,10.98,10.97,200,3200,11200,20000,13900,0,3865168,34863000,0,11.15,0,11.02,34864245,966292,10.9,2705,11.02,,10.97,0,0,300123.SZ,4080216,1309700,20210706,42869791,3889300,12.05,10.69
1061636,0,11.03,11.04,11.05,11.06,11.07,9400,2500,16900,6700,31200,11.02,11.01,11.0,10.99,10.98,9700,2600,3200,11500,20000,0,1591668,34866000,0,11.15,0,11.02,34867247,397917,10.9,2707,11.02,,10.97,0,0,300123.SZ,4083516,1320600,20210706,42875301,3889800,12.05,10.69
1065575,0,11.03,11.04,11.05,11.06,11.07,9400,2500,16900,6700,31200,11.02,11.01,11.0,10.99,10.98,7200,3600,11600,11500,20000,0,3480500,34869000,0,11.15,0,11.02,34870236,870125,10.9,2709,11.02,,10.97,0,0,300123.SZ,4088416,1337200,20210706,42902851,3892300,12.05,10.69
1069496,0,11.03,11.04,11.05,11.06,11.07,4400,4700,16900,6700,31200,11.02,11.01,11.0,10.99,10.98,11000,3600,15500,11500,20000,0,746040,34872000,0,11.15,0,11.02,34873235,186510,10.9,2711,11.02,,10.97,0,0,300123.SZ,4093816,1346200,20210706,42961307,3897600,12.05,10.69
1073296,0,11.03,11.04,11.05,11.06,11.07,1000,4700,16900,7300,31200,11.02,11.01,11.0,10.99,10.98,10000,5700,15500,12300,21500,0,896432,34875000,0,11.15,0,11.02,34876222,224108,10.9,2718,11.02,,10.97,0,0,300123.SZ,4090616,1355600,20210706,43009829,3902000,12.06,10.7
1077294,0,11.06,11.07,11.08,11.09,11.1,7600,31200,2400,3100,34800,11.05,11.04,11.03,11.02,11.01,26900,1800,100,11900,5700,0,1045324,34878000,0,11.15,0,11.05,34879223,261331,10.9,2742,11.02,,10.97,0,0,300123.SZ,4069316,1408000,20210706,43581027,3953700,12.06,10.71
1081198,0,11.06,11.07,11.08,11.09,11.1,9800,31200,2400,3100,34800,11.05,11.04,11.03,11.02,11.01,23900,4600,6100,15700,5500,0,1495792,34881000,0,11.15,0,11.05,34882217,373948,10.9,2745,11.02,,10.97,0,0,300123.SZ,4075216,1419500,20210706,43614177,3956700,12.06,10.71
1085100,0,11.06,11.07,11.08,11.09,11.1,1100,29700,2400,3100,34800,11.05,11.04,11.03,11.02,11.01,21900,4600,8700,17800,5500,0,211900,34884000,0,11.15,0,11.07,34885212,52975,10.9,2769,11.02,,10.97,0,0,300123.SZ,4074416,1420200,20210706,43761270,3970000,12.06,10.71
1089013,0,11.06,11.07,11.08,11.09,11.1,200,30200,2400,3100,34800,11.05,11.04,11.03,11.02,11.01,22800,4600,25200,17800,5500,0,2798212,34887000,0,11.15,0,11.06,34888265,699553,10.9,2773,11.02,,10.97,0,0,300123.SZ,4071116,1438900,20210706,43772329,3971000,12.06,10.71
1092789,0,11.07,11.08,11.09,11.1,11.11,27200,2400,3100,34800,12000,11.06,11.05,11.04,11.03,11.02,5400,18400,1800,21500,17700,0,2043080,34890000,0,11.15,0,11.07,34891197,510770,10.9,2777,11.02,,10.97,0,0,300123.SZ,4073416,1420000,20210706,43866316,3979500,12.06,10.71
1096644,0,11.07,11.08,11.09,11.1,11.11,2700,2400,3100,34800,12000,11.06,11.05,11.03,11.02,11.01,17700,18500,20900,17600,5800,0,3429156,34893000,0,11.15,0,11.07,34894192,857289,10.9,2784,11.02,,10.97,0,0,300123.SZ,4058916,1436800,20210706,44159651,4006000,12.07,10.71
1100486,0,11.08,11.09,11.1,11.11,11.12,1100,3600,34800,12000,18000,11.07,11.06,11.05,11.03,11.02,1900,43000,18500,7500,15200,0,1323000,34896000,0,11.15,0,11.08,34897193,330750,10.9,2788,11.02,,10.97,0,0,300123.SZ,4050416,1443700,20210706,44203944,4010000,12.07,10.72
1104403,0,11.07,11.09,11.1,11.11,11.12,7600,3600,34800,12000,18000,11.06,11.05,11.03,11.02,11.01,43200,18500,10500,15700,5800,0,886056,34899000,0,11.15,0,11.07,34900184,221514,10.9,2801,11.02,,10.97,0,0,300123.SZ,4059516,1436300,20210706,44454189,4032600,12.07,10.71
1108130,0,11.09,11.1,11.11,11.12,11.13,1900,34800,12000,18000,10000,11.08,11.07,11.06,11.05,11.03,3900,2100,41300,18400,10500,0,3900848,34902000,0,11.15,0,11.07,34903179,975212,10.9,2811,11.02,,10.97,0,0,300123.SZ,4054816,1482500,20210706,44568245,4042900,12.07,10.72
1112044,0,11.1,11.11,11.12,11.13,11.14,34800,12000,18000,10000,7000,11.09,11.08,11.07,11.06,11.05,7600,5800,27300,37200,18400,0,2341308,34905000,0,11.15,0,11.09,34906175,585327,10.9,2824,11.02,,10.97,0,0,300123.SZ,4053716,1512700,20210706,44697908,4054600,12.07,10.73
1115844,0,11.1,11.11,11.12,11.13,11.14,36200,12000,18000,10000,7000,11.09,11.08,11.07,11.06,11.05,11200,5800,42600,29800,21900,0,3353180,34908000,0,11.15,0,11.09,34909173,838295,10.9,2827,11.02,,10.97,0,0,300123.SZ,4063916,1527700,20210706,44713434,4056000,12.07,10.73
1119683,0,11.1,11.11,11.12,11.13,11.14,33000,12000,18000,10000,12400,11.09,11.08,11.07,11.06,11.05,6000,8200,41100,24800,21900,0,1457160,34911000,0,11.15,0,11.09,34912168,364290,10.9,2839,11.02,,10.97,0,0,300123.SZ,4022816,1515000,20210706,44802180,4064000,12.08,10.73
1123575,0,11.1,11.11,11.12,11.13,11.14,7100,12000,18000,10000,12400,11.09,11.08,11.07,11.06,11.05,11200,8200,41100,24800,21900,0,2605588,34914000,0,11.15,0,11.09,34915225,651397,10.9,2871,11.02,,10.97,0,0,300123.SZ,4001916,1520100,20210706,45627535,4138400,12.09,10.73
1127409,0,11.1,11.11,11.12,11.13,11.14,5800,11500,18000,10000,13900,11.09,11.08,11.07,11.06,11.05,12300,8200,42900,23800,21900,0,60404,34917000,0,11.15,0,11.09,34918221,15101,10.9,2884,11.02,,10.97,0,0,300123.SZ,4002716,1523000,20210706,45717395,4146500,12.09,10.73
1131076,0,11.11,11.12,11.13,11.14,11.15,10500,17800,10500,14900,90800,11.1,11.09,11.08,11.07,11.06,6700,11400,7800,20100,23800,0,233088,34920000,0,11.15,0,11.11,34921219,58272,10.9,2900,11.02,,10.97,0,0,300123.SZ,3999016,1505600,20210706,45806196,4154500,12.09,10.73
1135195,0,11.09,11.1,11.11,11.12,11.13,400,11000,10500,17800,10500,11.08,11.07,11.06,11.05,11.03,9200,20100,19100,21900,9500,0,440308,34923000,0,11.15,0,11.1,34924211,110077,10.9,2930,11.02,,10.97,0,0,300123.SZ,4010216,1476600,20210706,46071373,4178400,12.09,10.72
1139051,0,11.09,11.1,11.11,11.12,11.13,2100,10700,11500,17800,10500,11.08,11.07,11.06,11.05,11.03,18300,21400,19100,21900,9500,0,3204420,34926000,0,11.15,0,11.09,34927203,801105,10.9,2963,11.02,,10.97,0,0,300123.SZ,4013916,1525200,20210706,46360796,4204500,12.09,10.73
1143016,0,11.11,11.12,11.13,11.14,11.15,9700,17800,15500,19500,91100,11.1,11.08,11.07,11.06,11.05,4800,18300,21400,19100,21900,0,2802044,34929000,0,11.15,0,11.11,34930198,700511,10.9,2977,11.02,,10.97,0,0,300123.SZ,4010616,1526800,20210706,46556155,4222100,12.09,10.73
1146892,0,11.09,11.1,11.11,11.12,11.13,500,9400,9700,19800,15500,11.08,11.07,11.06,11.05,11.03,25400,13400,19100,21900,9300,0,2074012,34932000,0,11.15,0,11.09,34933195,518503,10.9,2987,11.02,,10.97,0,0,300123.SZ,4037716,1521100,20210706,46651576,4230700,12.08,10.73
1150775,0,11.1,11.11,11.12,11.13,11.14,7600,9800,19800,15500,29500,11.08,11.07,11.06,11.05,11.03,24900,14200,22000,21900,8400,0,2111344,34935000,0,11.15,0,11.1,34936189,527836,10.9,2993,11.02,,10.97,0,0,300123.SZ,4056116,1525300,20210706,46687081,4233900,12.08,10.73
1154654,0,11.08,11.09,11.1,11.11,11.12,100,22600,29100,14400,20300,11.07,11.06,11.05,11.03,11.02,400,22000,21900,8400,15700,0,2981816,34938000,0,11.15,0,11.07,34939185,745454,10.9,3021,11.02,,10.97,0,0,300123.SZ,4152016,1489600,20210706,47147911,4275500,12.07,10.72
1158510,0,11.05,11.07,11.08,11.09,11.1,33200,100,1500,3000,12900,11.04,11.03,11.02,11.01,11.0,26700,8400,15700,1300,41300,0,105788,34941000,0,11.15,0,11.05,34942180,26447,10.9,3053,11.02,,10.97,0,0,300123.SZ,4193816,1473000,20210706,47913193,4344700,12.06,10.72
1162404,0,11.08,11.09,11.1,11.11,11.12,16800,2900,14800,28200,25800,11.04,11.03,11.02,11.01,11.0,26700,8400,15700,1300,41300,0,2422700,34944000,0,11.15,0,11.09,34945175,605675,10.9,3074,11.02,,10.97,0,0,300123.SZ,4190916,1473100,20210706,48298889,4379600,12.07,10.72
1166253,0,11.08,11.09,11.1,11.11,11.12,13800,2900,15000,40200,25800,11.05,11.04,11.03,11.02,11.01,4800,26700,8400,16000,300,0,575444,34947000,0,11.15,0,11.08,34948171,143861,10.9,3075,11.02,,10.97,0,0,300123.SZ,4208716,1475900,20210706,48335453,4382900,12.06,10.72
1170115,0,11.07,11.08,11.09,11.1,11.11,16100,2200,2900,16700,140200,11.05,11.04,11.03,11.02,11.01,34800,26700,8400,16000,300,0,754792,34950000,0,11.15,0,11.08,34951170,188698,10.9,3076,11.02,,10.97,0,0,300123.SZ,4325116,1503700,20210706,48413013,4389900,12.04,10.72
1174028,0,11.07,11.08,11.09,11.1,11.11,15500,2800,4700,19200,139200,11.05,11.04,11.03,11.02,11.01,36700,26700,8400,16000,300,0,860100,34953000,0,11.15,0,11.07,34954225,215025,10.9,3080,11.02,,10.97,0,0,300123.SZ,4330916,1509200,20210706,48558030,4403000,12.04,10.73
1177864,0,11.07,11.08,11.09,11.1,11.11,15300,7600,5100,18700,140900,11.05,11.04,11.03,11.02,11.01,35900,26700,8400,16000,300,0,3767420,34956000,0,11.15,0,11.05,34957219,941855,10.9,3084,11.02,,10.97,0,0,300123.SZ,4317916,1507100,20210706,48646434,4411000,12.04,10.73
1181697,0,11.06,11.07,11.08,11.09,11.1,6200,6500,5700,18800,22200,11.05,11.03,11.02,11.01,11.0,8600,8400,16000,300,41300,0,668936,34959000,0,11.15,0,11.05,34960215,167234,10.9,3090,11.02,,10.97,0,0,300123.SZ,4336816,1455000,20210706,48948099,4438300,12.04,10.71
1185422,0,11.05,11.07,11.08,11.09,11.1,5600,8000,7500,7100,22700,11.04,11.03,11.02,11.01,11.0,2000,8400,16000,300,41300,0,1829888,34962000,0,11.15,0,11.05,34963207,457472,10.9,3108,11.02,,10.97,0,0,300123.SZ,4329816,1448600,20210706,49147128,4456300,12.04,10.71
1189364,0,11.05,11.06,11.07,11.08,11.09,15700,400,13700,7500,12100,11.04,11.03,11.02,11.01,11.0,2000,8400,16000,300,47800,0,1937000,34965000,0,11.15,0,11.05,34966202,484250,10.9,3115,11.02,,10.97,0,0,300123.SZ,4362916,1456500,20210706,49238843,4464600,12.03,10.71
1193160,0,11.05,11.06,11.07,11.08,11.09,2500,2200,13700,7500,15900,11.03,11.02,11.01,11.0,10.99,8400,16000,300,20600,18700,0,2773636,34968000,0,11.15,0,11.05,34969197,693409,10.9,3123,11.02,,10.97,0,0,300123.SZ,4354816,1424200,20210706,49502918,4488500,12.03,10.71
1197015,0,11.04,11.05,11.06,11.07,11.08,400,4900,2200,14900,7500,11.03,11.02,11.01,11.0,10.99,8400,16000,800,22400,18700,0,2501324,34971000,0,11.15,0,11.04,34972193,625331,10.9,3129,11.02,,10.97,0,0,300123.SZ,4375216,1437500,20210706,49544888,4492300,12.03,10.71
1200875,0,11.04,11.05,11.06,11.07,11.08,23500,14100,2200,15900,9500,11.03,11.02,11.01,11.0,10.99,4100,16000,800,22400,18700,0,3900136,34974000,0,11.15,0,11.05,34975189,975034,10.9,3145,11.02,,10.97,0,0,300123.SZ,4433616,1431300,20210706,49633192,4500300,12.02,10.71
1204744,0,11.04,11.05,11.06,11.07,11.08,15500,17200,2700,14900,10500,11.03,11.02,11.01,11.0,10.99,2500,16000,1600,23400,7800,0,3722404,34977000,0,11.15,0,11.04,34978185,930601,10.9,3158,11.02,,10.97,0,0,300123.SZ,4434816,1430100,20210706,49747984,4510700,12.02,10.71
1208455,0,11.03,11.04,11.05,11.06,11.07,14300,9000,20500,2700,14900,11.02,11.01,11.0,10.99,10.98,200,3000,23400,7800,22100,0,3938040,34980000,0,11.15,0,11.02,34981244,984510,10.9,3178,11.02,,10.97,0,0,300123.SZ,4444416,1413100,20210706,50021447,4535500,12.02,10.7
1212536,0,11.02,11.03,11.04,11.05,11.06,200,3800,31400,20500,900,11.01,11.0,10.99,10.98,10.97,3000,23400,7800,22100,14200,0,3791792,34983000,0,11.15,0,11.02,34984245,947948,10.9,3187,11.02,,10.97,0,0,300123.SZ,4452016,1411400,20210706,50147187,4546900,12.02,10.7
1216274,0,11.04,11.05,11.06,11.07,11.08,6400,18500,900,14900,10000,11.02,11.01,11.0,10.99,10.98,26100,9000,33600,7800,22100,0,354404,34986000,0,11.15,0,11.03,34987173,88601,10.9,3207,11.02,,10.97,0,0,300123.SZ,4425016,1451700,20210706,50482747,4577300,12.02,10.71
1220284,0,11.03,11.04,11.05,11.06,11.07,400,4400,18500,900,15400,11.02,11.01,11.0,10.99,10.98,25400,9000,33600,7800,22100,0,359972,34989000,0,11.15,0,11.02,34990234,89993,10.9,3210,11.02,,10.97,0,0,300123.SZ,4434516,1446100,20210706,50512541,4580000,12.02,10.71
1224051,0,11.05,11.06,11.07,11.08,11.09,15900,500,15400,7000,24500,11.02,11.01,11.0,10.99,10.98,68000,10900,31800,7800,22100,0,2035780,34992000,0,11.15,0,11.04,34993224,508945,10.9,3219,11.02,,10.97,0,0,300123.SZ,4427116,1487300,20210706,50654978,4592900,12.03,10.72
1228013,0,11.05,11.06,11.07,11.08,11.09,7900,500,5800,7000,24500,11.02,11.01,11.0,10.99,10.98,64000,11400,31800,7800,21900,0,90624,34995000,0,11.15,0,11.02,34996221,22656,10.9,3221,11.02,,10.97,0,0,300123.SZ,4413416,1479700,20210706,50710096,4597900,12.03,10.72
1231960,0,11.05,11.06,11.07,11.08,11.09,9800,500,4500,7000,24600,11.03,11.02,11.01,11.0,10.99,500,65800,11400,32800,7800,0,2148212,34998000,0,11.15,0,11.05,34999216,537053,10.9,3222,11.02,,10.97,0,0,300123.SZ,4427516,1483700,20210706,50715621,4598400,12.03,10.72
1235850,0,11.05,11.06,11.07,11.08,11.09,8600,500,4500,7000,24600,11.03,11.02,11.01,11.0,10.99,1500,65700,11400,32600,8800,0,1188740,35001000,0,11.15,0,11.02,35002210,297185,10.9,3225,11.02,,10.97,0,0,300123.SZ,4434616,1485500,20210706,50739876,4600600,12.03,10.72
1239722,0,11.06,11.07,11.08,11.09,11.1,30500,4500,7000,24600,43400,11.03,11.02,11.01,11.0,10.99,400,67400,14500,32700,8800,0,933300,35004000,0,11.15,0,11.05,35005204,233325,10.9,3236,11.02,,10.97,0,0,300123.SZ,4457016,1490400,20210706,50849249,4610500,12.02,10.72
1243628,0,11.03,11.05,11.06,11.07,11.08,29300,11300,30500,4500,17000,11.02,11.01,11.0,10.99,10.98,52100,14500,32700,8800,22000,0,3126604,35007000,0,11.15,0,11.03,35008200,781651,10.9,3242,11.02,,10.97,0,0,300123.SZ,4514616,1475000,20210706,51078675,4631300,12.01,10.72
1247453,0,11.02,11.03,11.05,11.06,11.07,3500,14200,13600,30500,4500,11.01,11.0,10.99,10.98,10.97,14500,37700,8800,22900,14900,0,716316,35010000,0,11.15,0,11.02,35011194,179079,10.9,3267,11.02,,10.97,0,0,300123.SZ,4414016,1426200,20210706,51911968,4706900,12.03,10.71
1251279,0,11.03,11.05,11.06,11.07,11.08,10700,13700,30500,4500,17100,11.01,11.0,10.99,10.98,10.97,14500,37700,8800,22900,14900,0,861644,35013000,0,11.15,0,11.03,35014191,215411,10.9,3271,11.02,,10.97,0,0,300123.SZ,4410516,1425400,20210706,51989143,4713900,12.03,10.71
1255142,0,11.02,11.03,11.05,11.06,11.07,2000,200,13700,30500,4500,11.01,11.0,10.99,10.98,10.97,16500,38700,8800,22900,12900,0,3593312,35016000,0,11.15,0,11.03,35017185,898328,10.9,3276,11.02,,10.97,0,0,300123.SZ,4402716,1426900,20210706,52108264,4724700,12.04,10.71
1258982,0,11.01,11.02,11.03,11.04,11.05,8600,2000,300,1000,13800,11.0,10.99,10.98,10.97,10.96,38700,11400,22900,12900,50600,0,2278436,35019000,0,11.15,0,11.01,35020183,569609,10.9,3288,11.02,,10.97,0,0,300123.SZ,4413016,1410800,20210706,52314151,4743400,12.03,10.7
1262797,0,11.01,11.02,11.03,11.04,11.05,4100,2000,800,1000,13800,11.0,10.99,10.98,10.97,10.96,38800,11400,22800,12900,50600,0,3499420,35022000,0,11.15,0,11.01,35023181,874855,10.9,3291,11.02,,10.97,0,0,300123.SZ,4414516,1410800,20210706,52375807,4749000,12.03,10.7
1266554,0,11.03,11.04,11.05,11.06,11.07,2700,1000,13800,30500,10000,11.02,11.0,10.99,10.98,10.97,5000,48600,11400,22800,12900,0,3798000,35025000,0,11.15,0,11.02,35026170,949500,10.9,3299,11.02,,10.97,0,0,300123.SZ,4418816,1425600,20210706,52442988,4755100,12.03,10.71
1270363,0,11.03,11.04,11.05,11.06,11.07,3700,1000,13800,30500,10000,11.02,11.0,10.99,10.98,10.97,5300,51100,11400,22800,12900,0,980172,35028000,0,11.15,0,11.02,35029168,245043,10.9,3299,11.02,,10.97,0,0,300123.SZ,4430216,1428900,20210706,52442988,4755100,12.03,10.71
1274194,0,11.03,11.04,11.05,11.06,11.07,3700,1000,13800,30500,10000,11.02,11.01,11.0,10.99,10.98,3200,2400,50100,11400,21800,0,661188,35031000,0,11.15,0,11.02,35032161,165297,10.9,3301,11.02,,10.97,0,0,300123.SZ,4430716,1421200,20210706,52466130,4757200,12.03,10.71
1278119,0,11.03,11.04,11.05,11.06,11.07,4500,1000,13800,30500,10000,11.02,11.01,11.0,10.99,10.98,800,4900,51300,10900,21800,0,298732,35034000,0,11.15,0,11.02,35035221,74683,10.9,3312,11.02,,10.97,0,0,300123.SZ,4412316,1422300,20210706,52504702,4760700,12.03,10.71
1281933,0,11.02,11.03,11.04,11.05,11.06,3800,12200,13600,14300,30500,11.01,11.0,10.99,10.98,10.97,1700,55900,12200,21800,12900,0,3721532,35037000,0,11.15,0,11.01,35038212,930383,10.9,3320,11.02,,10.97,0,0,300123.SZ,4445316,1424800,20210706,52558716,4765600,12.03,10.71
1285734,0,11.02,11.03,11.04,11.05,11.06,60700,12200,16900,14300,30500,11.01,11.0,10.99,10.98,10.97,9000,56700,12200,21800,12900,0,1486352,35040000,0,11.15,0,11.01,35041214,371588,10.9,3328,11.02,,10.97,0,0,300123.SZ,4509616,1527900,20210706,52606085,4769900,12.01,10.71
1289784,0,11.0,11.01,11.02,11.03,11.04,35700,10400,57800,13200,16900,10.99,10.98,10.97,10.96,10.95,6200,22800,12900,53600,58500,0,3316596,35043000,0,11.15,0,10.99,35044204,829149,10.9,3362,11.02,,10.97,0,0,300123.SZ,4555816,1463100,20210706,53431173,4844900,12.0,10.7
1293661,0,11.0,11.01,11.02,11.03,11.04,34300,1000,63200,13200,16900,10.99,10.98,10.97,10.96,10.95,5000,22800,16600,53600,58500,0,640316,35046000,0,11.15,0,11.0,35047199,160079,10.9,3368,11.02,,10.97,0,0,300123.SZ,4561416,1465100,20210706,53459761,4847500,12.01,10.7
1297575,0,11.0,11.01,11.02,11.03,11.04,10000,2100,64500,13200,16900,10.99,10.98,10.97,10.96,10.95,5000,22800,16600,53600,57600,0,753772,35049000,0,11.15,0,11.0,35050195,188443,10.9,3372,11.02,,10.97,0,0,300123.SZ,4562516,1464200,20210706,53727061,4871800,12.01,10.7
1301373,0,11.0,11.01,11.02,11.03,11.04,7100,2200,8500,13200,16900,10.99,10.98,10.97,10.96,10.95,4800,22800,18600,53600,57600,0,773720,35052000,0,11.15,0,10.99,35053190,193430,10.9,3377,11.02,,10.97,0,0,300123.SZ,4505716,1466300,20210706,53845859,4882600,12.02,10.7
1305210,0,11.0,11.01,11.02,11.03,11.04,12100,6200,8700,12200,16900,10.99,10.98,10.97,10.96,10.95,800,22800,18600,53600,57600,0,642280,35055000,0,11.15,0,10.99,35056185,160570,10.9,3383,11.02,,10.97,0,0,300123.SZ,4512116,1457900,20210706,53889819,4886600,12.02,10.7
1309107,0,11.01,11.02,11.03,11.04,11.05,4600,8700,12200,16900,12000,11.0,10.99,10.98,10.97,10.96,15700,800,22800,17900,53600,0,3043736,35058000,0,11.15,0,11.01,35059180,760934,10.9,3394,11.02,,10.97,0,0,300123.SZ,4498916,1447100,20210706,54173635,4912400,12.02,10.71
1312931,0,10.98,10.99,11.01,11.02,11.03,17200,11000,4600,8700,12200,10.97,10.96,10.95,10.94,10.93,16900,15000,57600,11600,13700,0,602544,35061000,0,11.15,0,10.98,35062176,150636,10.9,3413,11.02,,10.97,0,0,300123.SZ,4553816,1368200,20210706,54754809,4965300,12.01,10.69
1316769,0,10.98,10.99,11.01,11.02,11.03,14200,11700,6200,5700,12200,10.97,10.96,10.95,10.94,10.93,16900,15000,57700,11600,13700,0,1064708,35064000,0,11.15,0,10.98,35065172,266177,10.9,3414,11.02,,10.97,0,0,300123.SZ,4568016,1366100,20210706,54787749,4968300,12.01,10.69
1320727,0,10.98,10.99,11.0,11.01,11.02,14100,15100,4300,6200,5500,10.97,10.96,10.95,10.94,10.93,17200,15000,57700,11600,13700,0,1157372,35067000,0,11.15,0,10.98,35068230,289343,10.9,3415,11.02,,10.97,0,0,300123.SZ,4582116,1366400,20210706,54788847,4968400,12.01,10.69
1324561,0,10.98,10.99,11.0,11.01,11.02,4100,5100,4300,6200,5500,10.97,10.96,10.95,10.94,10.93,17200,15000,57700,11600,13700,0,999308,35070000,0,11.15,0,10.98,35071224,249827,10.9,3416,11.02,,10.97,0,0,300123.SZ,4561616,1366400,20210706,54898647,4978400,12.01,10.69
1328356,0,10.99,11.0,11.01,11.02,11.03,1600,4300,6200,5500,12200,10.98,10.97,10.96,10.95,10.94,6500,17200,15000,55700,11600,0,3667812,35073000,0,11.15,0,10.99,35074220,916953,10.9,3420,11.02,,10.97,0,0,300123.SZ,4529916,1370100,20210706,54937112,4981900,12.02,10.69
1332251,0,10.99,11.0,11.01,11.02,11.03,1600,3700,6400,5500,12200,10.98,10.97,10.96,10.95,10.94,12000,4200,15000,56200,11600,0,3875220,35076000,0,11.15,0,10.97,35077215,968805,10.9,3428,11.02,,10.97,0,0,300123.SZ,4531716,1365400,20210706,55151092,5001400,12.02,10.69
1336067,0,10.99,11.0,11.01,11.02,11.03,900,4600,6400,5500,12200,10.98,10.97,10.96,10.95,10.94,28800,13400,35000,59900,11600,0,1442436,35079000,0,11.15,0,10.99,35080207,360609,10.9,3434,11.02,,10.97,0,0,300123.SZ,4532316,1415100,20210706,55204901,5006300,12.02,10.7
1339790,0,11.0,11.01,11.02,11.03,11.04,4600,6400,5500,12200,16900,10.98,10.97,10.96,10.95,10.94,17100,13400,34600,57800,11600,0,3929556,35082000,0,11.15,0,10.98,35083203,982389,10.9,3445,11.02,,10.97,0,0,300123.SZ,4533716,1441000,20210706,55370712,5021400,12.02,10.71
1343645,0,10.99,11.0,11.01,11.02,11.03,100,4600,6400,5500,12200,10.98,10.97,10.96,10.95,10.94,17100,13400,34100,64200,11600,0,3350548,35085000,0,11.15,0,10.99,35086197,837637,10.9,3447,11.02,,10.97,0,0,300123.SZ,4533016,1457100,20210706,55398187,5023900,12.02,10.7
1347523,0,11.0,11.01,11.02,11.03,11.04,9600,6400,5500,12200,16900,10.98,10.97,10.96,10.95,10.94,18500,14400,34100,64200,11600,0,3095344,35088000,0,11.15,0,10.98,35089194,773836,10.9,3450,11.02,,10.97,0,0,300123.SZ,4538216,1458500,20210706,55417953,5025700,12.02,10.71
1351318,0,11.0,11.01,11.02,11.03,11.04,9600,6400,5500,12200,16900,10.99,10.98,10.97,10.96,10.95,4200,20500,14900,34100,64200,0,3814324,35091000,0,11.15,0,10.99,35092188,953581,10.9,3452,11.02,,10.97,0,0,300123.SZ,4535016,1465600,20210706,55428943,5026700,12.02,10.71
1355093,0,11.0,11.01,11.02,11.03,11.04,9600,6400,8500,12200,16900,10.99,10.98,10.97,10.96,10.95,5100,19800,14900,34100,64200,0,3025060,35094000,0,11.15,0,10.98,35095185,756265,10.9,3455,11.02,,10.97,0,0,300123.SZ,4529816,1465800,20210706,55482787,5031600,12.02,10.71
1358886,0,10.99,11.0,11.01,11.02,11.03,2300,9600,6400,8300,12200,10.98,10.97,10.96,10.95,10.94,20600,14900,34100,65100,11600,0,3720756,35097000,0,11.15,0,10.99,35098179,930189,10.9,3461,11.02,,10.97,0,0,300123.SZ,4531216,1461400,20210706,55554222,5038100,12.02,10.71
1362626,0,11.0,11.01,11.02,11.03,11.04,13900,6400,8300,12200,16900,10.99,10.98,10.97,10.96,10.95,5900,20600,14900,34100,65100,0,909668,35100000,0,11.15,0,10.99,35101244,227417,10.9,3464,11.02,,10.97,0,0,300123.SZ,4549116,1470600,20210706,55608073,5043000,12.02,10.71
1366650,0,11.0,11.01,11.02,11.03,11.04,13900,6400,8300,11200,16900,10.99,10.98,10.97,10.96,10.95,7300,21100,15000,34100,65100,0,539152,35103000,0,11.15,0,10.99,35104237,134788,10.9,3464,11.02,,10.97,0,0,300123.SZ,4553116,1436000,20210706,55608073,5043000,12.02,10.7
1370510,0,10.99,11.0,11.01,11.02,11.03,1600,13900,6400,8300,11200,10.98,10.97,10.96,10.95,10.94,20900,16000,34100,65100,11600,0,824000,35106000,0,11.15,0,10.98,35107233,206000,10.9,3471,11.02,,10.97,0,0,300123.SZ,4554716,1429800,20210706,55691594,5050600,12.02,10.7
1374374,0,11.0,11.01,11.02,11.03,11.04,15200,6400,8300,11200,16900,10.99,10.98,10.97,10.96,10.95,300,12700,16000,34100,65100,0,3132656,35109000,0,11.15,0,10.99,35110228,783164,10.9,3478,11.02,,10.97,0,0,300123.SZ,4557316,1424900,20210706,55801412,5060600,12.02,10.7
1378280,0,10.99,11.0,11.01,11.02,11.03,8100,16200,6400,8300,11200,10.98,10.97,10.96,10.95,10.94,13600,16000,34100,65100,11600,0,1948484,35112000,0,11.15,0,10.98,35113223,487121,10.9,3484,11.02,,10.97,0,0,300123.SZ,4557016,1425500,20210706,55817895,5062100,12.02,10.7
1382134,0,10.99,11.0,11.01,11.02,11.03,23700,17200,6400,6300,11200,10.97,10.96,10.95,10.94,10.93,11900,33000,65100,11600,14100,0,3008064,35115000,0,11.15,0,10.98,35116218,752016,10.9,3504,11.02,,10.97,0,0,300123.SZ,4579416,1407600,20210706,56016592,5080200,12.02,10.69
1386026,0,10.99,11.0,11.01,11.02,11.03,25000,18300,6400,6300,11200,10.97,10.96,10.95,10.94,10.93,6600,33000,66200,11600,14100,0,2731068,35118000,0,11.15,0,10.97,35119211,682767,10.9,3516,11.02,,10.97,0,0,300123.SZ,4602716,1405200,20210706,56090103,5086900,12.01,10.69
1389749,0,10.98,10.99,11.0,11.01,11.02,900,20900,17900,6400,7000,10.96,10.95,10.94,10.93,10.92,18800,66200,11600,14100,24400,0,761444,35121000,0,11.15,0,10.98,35122202,190361,10.9,3552,11.02,,10.97,0,0,300123.SZ,4607616,1405000,20210706,56404909,5115600,12.01,10.69
1393712,0,10.99,11.0,11.01,11.02,11.03,16800,17900,6400,7000,10200,10.96,10.95,10.94,10.93,10.92,13000,66200,11600,14200,25400,0,3270312,35124000,0,11.15,0,10.96,35125199,817578,10.9,3561,11.02,,10.97,0,0,300123.SZ,4609316,1402300,20210706,56627750,5135900,12.01,10.69
1397540,0,10.98,10.99,11.0,11.01,11.02,4500,16800,17900,6400,5000,10.97,10.96,10.95,10.94,10.93,2100,15600,66200,11600,14200,0,57400,35127000,0,11.15,0,10.97,35128195,14350,10.9,3565,11.02,,10.97,0,0,300123.SZ,4632916,1407000,20210706,56637623,5136800,12.01,10.69
1401373,0,10.97,10.98,10.99,11.0,11.01,2600,2500,16800,17900,6400,10.96,10.95,10.94,10.93,10.92,14900,66100,11600,14200,26000,0,2884176,35130000,0,11.15,0,10.96,35131191,721044,10.9,3572,11.02,,10.97,0,0,300123.SZ,4633516,1408700,20210706,56699068,5142400,12.01,10.69
1405241,0,10.97,10.98,10.99,11.0,11.01,2600,4500,16800,17900,6400,10.96,10.95,10.94,10.93,10.92,12300,66100,11600,18200,26000,0,2049488,35133000,0,11.15,0,10.96,35134185,512372,10.9,3574,11.02,,10.97,0,0,300123.SZ,4635516,1396200,20210706,56738524,5146000,12.01,10.69
1409048,0,10.97,10.98,10.99,11.0,11.01,2500,4500,16800,17900,6400,10.96,10.95,10.94,10.93,10.92,17800,66100,11600,18200,26000,0,2332372,35136000,0,11.15,0,10.97,35137180,583093,10.9,3575,11.02,,10.97,0,0,300123.SZ,4634916,1404000,20210706,56739621,5146100,12.01,10.69
1412864,0,10.97,10.98,10.99,11.0,11.01,34200,4500,15200,17900,4800,10.96,10.95,10.94,10.93,10.92,14700,66600,11600,18200,26000,0,551188,35139000,0,11.15,0,10.96,35140175,137797,10.9,3578,11.02,,10.97,0,0,300123.SZ,4669016,1404100,20210706,56776885,5149500,12.0,10.69
1416758,0,10.97,10.98,10.99,11.0,11.01,28800,4500,16400,17900,4800,10.96,10.95,10.94,10.93,10.92,11100,66600,11600,18300,26000,0,3970832,35142000,0,11.15,0,10.96,35143237,992708,10.9,3586,11.02,,10.97,0,0,300123.SZ,4656716,1398600,20210706,56886549,5159500,12.0,10.69
1420475,0,10.97,10.98,10.99,11.0,11.01,28800,2000,15900,17900,4800,10.96,10.95,10.94,10.93,10.92,1000,68200,11600,18900,26000,0,3853320,35145000,0,11.15,0,10.96,35146171,963330,10.9,3623,11.02,,10.97,0,0,300123.SZ,4653716,1373500,20210706,57002725,5170100,12.0,10.69
1424354,0,10.96,10.97,10.98,10.99,11.0,1100,1000,2000,15900,16800,10.95,10.94,10.93,10.92,10.91,68200,11600,18400,26000,24600,0,1204508,35148000,0,11.15,0,10.96,35149226,301127,10.9,3632,11.02,,10.97,0,0,300123.SZ,4629216,1373000,20210706,57033413,5172900,12.01,10.69
1428036,0,10.98,10.99,11.0,11.01,11.02,2000,15900,16800,4800,5000,10.96,10.95,10.94,10.93,10.92,8700,61200,14600,18400,26000,0,1084800,35151000,0,11.15,0,10.96,35152159,271200,10.9,3640,11.02,,10.97,0,0,300123.SZ,4629116,1378900,20210706,57086044,5177700,12.01,10.69
1431935,0,10.98,10.99,11.0,11.01,11.02,2000,15900,16800,4800,5000,10.95,10.94,10.93,10.92,10.91,60300,14600,18400,26000,24600,0,780432,35154000,0,11.15,0,10.95,35155215,195108,10.9,3649,11.02,,10.97,0,0,300123.SZ,4643116,1369500,20210706,57249339,5192600,12.01,10.68
1435623,0,10.98,10.99,11.0,11.01,11.02,2000,15900,16800,4800,5000,10.96,10.95,10.94,10.93,10.92,9800,60200,14600,18400,26000,0,336760,35157000,0,11.15,0,10.96,35158150,84190,10.9,3651,11.02,,10.97,0,0,300123.SZ,4609516,1379700,20210706,57254818,5193100,12.01,10.69
1439341,0,10.98,10.99,11.0,11.01,11.02,2000,15900,16800,4800,5000,10.96,10.95,10.94,10.93,10.92,7900,60200,14600,18400,26000,0,2708608,35160000,0,11.15,0,10.96,35161210,677152,10.9,3653,11.02,,10.97,0,0,300123.SZ,4610516,1398200,20210706,57275642,5195000,12.01,10.69
1443280,0,10.97,10.98,10.99,11.0,11.01,100,2000,15900,16800,4800,10.96,10.95,10.94,10.93,10.92,7900,60200,15600,18400,26000,0,2654080,35163000,0,11.15,0,10.96,35164200,663520,10.9,3653,11.02,,10.97,0,0,300123.SZ,4610816,1390500,20210706,57275642,5195000,12.01,10.69
1447225,0,10.97,10.98,10.99,11.0,11.01,100,2000,15900,16800,4800,10.96,10.95,10.94,10.93,10.92,3900,61500,15600,18400,44500,0,2817936,35166000,0,11.15,0,10.96,35167195,704484,10.9,3659,11.02,,10.97,0,0,300123.SZ,4612316,1404100,20210706,57335922,5200500,12.01,10.69
1451424,0,10.97,10.98,10.99,11.0,11.01,100,6000,15900,16800,4800,10.96,10.95,10.94,10.93,10.92,4200,61500,15600,18400,44500,0,1540096,35169000,0,11.15,0,10.96,35170257,385024,10.9,3660,11.02,,10.97,0,0,300123.SZ,4620516,1404500,20210706,57339210,5200800,12.01,10.69
1455297,0,10.97,10.98,10.99,11.0,11.01,100,11900,15900,16800,4800,10.96,10.95,10.94,10.93,10.92,1300,62000,15600,18400,44500,0,3481180,35172000,0,11.15,0,10.96,35173195,870295,10.9,3664,11.02,,10.97,0,0,300123.SZ,4620816,1402200,20210706,57372090,5203800,12.01,10.69
1459086,0,10.98,10.99,11.0,11.01,11.02,10600,15900,16800,4800,5000,10.96,10.95,10.94,10.93,10.92,1100,62500,15600,18200,44500,0,639164,35175000,0,11.15,0,10.96,35176183,159791,10.9,3675,11.02,,10.97,0,0,300123.SZ,4624416,1402300,20210706,57422545,5208400,12.01,10.69
1462983,0,10.98,10.99,11.0,11.01,11.02,10600,15900,16800,4800,5000,10.97,10.96,10.95,10.94,10.93,1500,8600,62500,15600,18200,0,2196136,35178000,0,11.15,0,10.97,35179176,549034,10.9,3676,11.02,,10.97,0,0,300123.SZ,4624416,1411300,20210706,57428030,5208900,12.01,10.69
1466794,0,10.98,10.99,11.0,11.01,11.02,10000,15900,16800,4800,5000,10.96,10.95,10.94,10.93,10.92,7500,63700,15600,18200,44500,0,716892,35181000,0,11.15,0,10.96,35182174,179223,10.9,3684,11.02,,10.97,0,0,300123.SZ,4624516,1412400,20210706,57479569,5213600,12.01,10.69
1470704,0,10.98,10.99,11.0,11.01,11.02,3300,15900,24100,4800,5000,10.97,10.96,10.95,10.94,10.93,3100,16100,63700,15600,18200,0,3341644,35184000,0,11.15,0,10.98,35185166,835411,10.9,3689,11.02,,10.97,0,0,300123.SZ,4625116,1425100,20210706,57700267,5233700,12.01,10.69
1474608,0,10.98,10.99,11.0,11.01,11.02,3300,15900,24100,4800,5000,10.97,10.96,10.95,10.94,10.93,3100,27000,63700,15600,19200,0,3183020,35187000,0,11.15,0,10.98,35188224,795755,10.9,3689,11.02,,10.97,0,0,300123.SZ,4625116,1419800,20210706,57700267,5233700,12.01,10.69
1478330,0,10.99,11.0,11.01,11.02,11.03,14100,24100,4800,5000,10200,10.98,10.97,10.96,10.95,10.94,2600,2800,27000,63700,16600,0,229572,35190000,0,11.15,0,10.99,35191159,57393,10.9,3693,11.02,,10.97,0,0,300123.SZ,4620516,1448200,20210706,57759574,5239100,12.01,10.7
1482276,0,10.99,11.0,11.01,11.02,11.03,14100,24100,4800,5000,10200,10.98,10.97,10.96,10.95,10.94,12100,9800,27400,71700,16600,0,662996,35193000,0,11.15,0,10.98,35194218,165749,10.9,3695,11.02,,10.97,0,0,300123.SZ,4624216,1474100,20210706,57788122,5241700,12.01,10.7
1486093,0,10.99,11.0,11.01,11.02,11.03,14100,24100,4800,5000,10200,10.98,10.97,10.96,10.95,10.94,13600,9800,34000,71700,16600,0,1337540,35196000,0,11.15,0,10.98,35197209,334385,10.9,3695,11.02,,10.97,0,0,300123.SZ,4639016,1478100,20210706,57788122,5241700,12.01,10.7
1489758,0,10.99,11.0,11.01,11.02,11.03,11600,24100,4800,5000,10200,10.98,10.97,10.96,10.95,10.94,13900,10300,36900,71700,16600,0,1932116,35199000,0,11.15,0,10.99,35200205,483029,10.9,3700,11.02,,10.97,0,0,300123.SZ,4636416,1484300,20210706,57825479,5245100,12.01,10.7
1493531,0,10.99,11.0,11.01,11.02,11.03,11500,24100,4800,5000,10200,10.98,10.97,10.96,10.95,10.94,5900,13300,36900,71700,16400,0,517180,35202000,0,11.15,0,10.99,35203198,129295,10.9,3703,11.02,,10.97,0,0,300123.SZ,4637316,1479100,20210706,57914418,5253200,12.01,10.7
1497414,0,10.99,11.0,11.01,11.02,11.03,6900,24100,4800,5000,10200,10.98,10.97,10.96,10.95,10.94,3700,13300,36900,71700,16400,0,157764,35205000,0,11.15,0,10.98,35206194,39441,10.9,3711,11.02,,10.97,0,0,300123.SZ,4632716,1488900,20210706,57989128,5260000,12.02,10.7
1501242,0,10.99,11.0,11.01,11.02,11.03,4800,24100,4800,5000,10200,10.98,10.97,10.96,10.95,10.94,4200,13500,36900,71700,16400,0,978428,35208000,0,11.15,0,10.99,35209190,244607,10.9,3714,11.02,,10.97,0,0,300123.SZ,4623816,1489600,20210706,58012207,5262100,12.02,10.7
1504996,0,11.0,11.01,11.02,11.03,11.04,24100,4800,5000,10200,13600,10.99,10.98,10.97,10.96,10.95,5700,4200,13500,37600,70300,0,2134332,35211000,0,11.15,0,10.99,35212187,533583,10.9,3718,11.02,,10.97,0,0,300123.SZ,4619316,1488900,20210706,58067157,5267100,12.02,10.7
1508769,0,10.99,11.0,11.01,11.02,11.03,1000,19800,4800,5000,10200,10.98,10.97,10.96,10.95,10.94,4100,13500,37600,70300,16900,0,800848,35214000,0,11.15,0,10.98,35215180,200212,10.9,3723,11.02,,10.97,0,0,300123.SZ,4617016,1480300,20210706,58140780,5273800,12.02,10.7
1512576,0,11.0,11.01,11.02,11.03,11.04,19800,4800,5000,10200,13600,10.99,10.98,10.97,10.96,10.95,100,2600,13500,37600,70800,0,3709900,35217000,0,11.15,0,10.99,35218175,927475,10.9,3730,11.02,,10.97,0,0,300123.SZ,4616416,1480400,20210706,58186906,5278000,12.02,10.7
1516243,0,11.0,11.01,11.02,11.03,11.04,20800,4800,5000,10200,13600,10.99,10.98,10.97,10.96,10.95,23800,4600,13500,37600,70800,0,3293132,35220000,0,11.15,0,10.99,35221235,823283,10.9,3731,11.02,,10.97,0,0,300123.SZ,4639516,1508100,20210706,58188005,5278100,12.01,10.7
1520226,0,11.0,11.01,11.02,11.03,11.04,20800,4800,5000,10200,13600,10.99,10.98,10.97,10.96,10.95,20400,4600,13500,37600,70600,0,3815368,35223000,0,11.15,0,10.99,35224234,953842,10.9,3734,11.02,,10.97,0,0,300123.SZ,4639516,1504500,20210706,58225371,5281500,12.01,10.7
1524067,0,11.0,11.01,11.02,11.03,11.04,22200,4800,5000,10200,13600,10.99,10.98,10.97,10.96,10.95,23700,4800,14200,28700,72600,0,3840212,35226000,0,11.15,0,10.99,35227228,960053,10.9,3734,11.02,,10.97,0,0,300123.SZ,4642216,1501800,20210706,58225371,5281500,12.01,10.7
1527914,0,11.0,11.01,11.02,11.03,11.04,17700,4800,5000,10200,13600,10.99,10.98,10.97,10.96,10.95,21700,4800,14200,28700,72300,0,1474624,35229000,0,11.15,0,11.0,35230222,368656,10.9,3738,11.02,,10.97,0,0,300123.SZ,4641816,1499600,20210706,58296851,5288000,12.01,10.7
1531678,0,11.0,11.01,11.02,11.03,11.04,15000,4900,4000,10200,13600,10.99,10.98,10.97,10.96,10.95,22700,4800,11400,29200,72300,0,3684400,35232000,0,11.15,0,11.0,35233212,921100,10.9,3741,11.02,,10.97,0,0,300123.SZ,4635216,1499300,20210706,58326551,5290700,12.02,10.7
1535578,0,11.0,11.01,11.02,11.03,11.04,17000,4900,4000,10200,13600,10.99,10.98,10.97,10.96,10.95,22700,4800,15800,28200,74800,0,2801684,35235000,0,11.15,0,11.0,35236210,700421,10.9,3742,11.02,,10.97,0,0,300123.SZ,4638616,1488500,20210706,58348551,5292700,12.01,10.7
1539369,0,11.01,11.02,11.03,11.04,11.05,4900,4000,10200,13600,28700,11.0,10.99,10.98,10.97,10.96,4300,22700,15700,15800,28200,0,3139356,35238000,0,11.15,0,11.0,35239203,784839,10.9,3755,11.02,,10.97,0,0,300123.SZ,4622116,1504200,20210706,58553151,5311300,12.02,10.7
1543155,0,11.01,11.02,11.03,11.04,11.05,5300,4000,10200,13600,28700,11.0,10.99,10.98,10.97,10.96,8100,22700,25700,15800,28200,0,3007124,35241000,0,11.15,0,11.0,35242199,751781,10.9,3756,11.02,,10.97,0,0,300123.SZ,4621116,1515400,20210706,58554251,5311400,12.02,10.7
1546983,0,11.02,11.03,11.04,11.05,11.06,4000,10200,13600,28700,3600,11.0,10.99,10.98,10.97,10.96,13300,22700,25700,15800,28200,0,1256504,35244000,0,11.15,0,11.0,35245195,314126,10.9,3764,11.02,,10.97,0,0,300123.SZ,4621016,1520800,20210706,58613704,5316800,12.02,10.71
1550777,0,11.02,11.03,11.04,11.05,11.06,4000,10200,13600,27700,3600,11.01,11.0,10.99,10.98,10.97,200,16100,22700,25700,15800,0,1168420,35247000,0,11.15,0,11.0,35248190,292105,10.9,3764,11.02,,10.97,0,0,300123.SZ,4622016,1523800,20210706,58613704,5316800,12.02,10.71
1554592,0,11.02,11.03,11.04,11.05,11.06,4000,10200,13600,27700,3600,11.0,10.99,10.98,10.97,10.96,8200,19400,25700,15800,28200,0,3754028,35250000,0,11.15,0,11.0,35251185,938507,10.9,3774,11.02,,10.97,0,0,300123.SZ,4615016,1516400,20210706,58787506,5332600,12.02,10.7
