,addrTag,askPrice1,askPrice2,askPrice3,askPrice4,askPrice5,askVolume1,askVolume2,askVolume3,askVolume4,askVolume5,bidPrice1,bidPrice2,bidPrice3,bidPrice4,bidPrice5,bidVolume1,bidVolume2,bidVolume3,bidVolume4,bidVolume5,broker,clock,exchTime,exchTimeUnderMs,high,iopv,last,localTime,localTimeUnderMs,low,numTrades,open,phaseCode,preClosePrice,status,tickerIndex,tickerName,totalAskQty,totalBidQty,tradingDay,turnover,volume,weightedAvgAskPrc,weightedAvgBidPrc
4153,0,,,,,,0,0,0,0,0,,,,,,0,0,0,0,0,0,2756544,32151000,0,,0,,32946462,689136,,0,,,47.99,0,0,688123.SH,0,0,20210706,0,0,,
13174,0,,,,,,0,0,0,0,0,,,,,,0,0,0,0,0,0,3862264,33305000,0,,0,,33306068,965566,,0,,,47.99,0,0,688123.SH,0,0,20210706,0,0,,
13175,0,,,,,,0,0,0,0,0,,,,,,0,0,0,0,0,0,3879224,33305000,0,,0,,33306068,969806,,0,,,47.99,0,0,688123.SH,0,0,20210706,0,0,,
135128,0,48.49,,,,,682,18,0,0,0,48.49,,,,,682,0,0,0,0,0,554924,33856000,0,,0,,33856331,138731,,0,,,47.99,0,0,688123.SH,0,0,20210706,0,0,,
151855,0,48.59,,,,,700,0,0,0,0,48.59,,,,,700,1982,0,0,0,0,2289316,33892000,0,,0,,33892336,572329,,0,,,47.99,0,0,688123.SH,0,0,20210706,0,0,,
152863,0,48.59,,,,,700,0,0,0,0,48.59,,,,,700,2182,0,0,0,0,2545128,33895000,0,,0,,33895331,636282,,0,,,47.99,0,0,688123.SH,0,0,20210706,0,0,,
161407,0,48.67,48.8,48.88,48.93,48.95,531,200,300,1000,2630,48.59,48.18,48.1,48.05,47.15,982,1000,2000,741,1000,0,3336788,33901000,0,48.59,0,48.59,33902014,834197,48.59,5,,,47.99,0,0,688123.SH,86491,12116,20210706,92321,1900,53.166,46.974
162579,0,48.67,48.8,48.88,48.93,48.95,531,200,300,1000,2630,48.59,48.18,48.1,48.05,47.15,982,1000,2000,741,1000,0,3483608,33902000,0,48.59,0,48.59,33902451,870902,48.59,5,48.59,,47.99,0,0,688123.SH,86491,12116,20210706,92321,1900,53.166,46.974
162580,0,48.67,48.8,48.88,48.93,48.95,531,200,300,1000,2630,48.59,48.18,48.1,48.05,47.15,982,1000,2000,741,1000,0,3490932,33902000,0,48.59,0,48.59,33902451,872733,48.59,5,48.59,,47.99,0,0,688123.SH,86491,12116,20210706,92321,1900,53.166,46.974
168086,0,48.67,48.8,48.88,48.93,48.95,531,200,300,1000,2630,48.59,48.18,48.1,48.05,47.15,982,1000,2000,741,1000,0,433464,34200000,0,48.59,0,48.59,34200408,108366,48.59,5,48.59,,47.99,0,0,688123.SH,91196,12116,20210706,92321,1900,53.106,46.974
173132,0,48.67,48.78,48.8,48.88,48.93,531,600,200,400,2400,48.59,48.57,48.18,48.1,48.05,5801,1000,1000,2000,741,0,3428548,34203000,0,48.65,0,48.59,34203659,857137,48.59,8,48.59,,47.99,0,0,688123.SH,100353,20335,20210706,131218,2700,52.814,47.439
178760,0,48.67,48.78,48.79,48.8,48.85,1231,600,350,200,350,48.59,48.57,48.18,48.1,48.05,19551,1000,1000,2000,741,0,2862260,34205000,0,48.65,0,48.59,34206717,715565,48.59,9,48.59,,47.99,0,0,688123.SH,112488,35803,20210706,140936,2900,52.327,47.894
182975,0,48.67,48.76,48.78,48.79,48.8,1031,400,600,350,1100,48.6,48.59,48.57,48.18,48.1,200,18551,1000,1000,2000,0,1690904,34209000,0,48.67,0,48.59,34209589,422726,48.59,14,48.59,,47.99,0,0,688123.SH,122478,38421,20210706,208994,4300,52.267,47.82
187379,0,48.76,48.78,48.79,48.8,48.85,400,600,350,1100,350,48.67,48.59,48.57,48.18,48.1,3404,1500,1000,1000,2000,0,1595928,34212000,0,48.67,0,48.67,34212583,398982,48.59,21,48.59,,47.99,0,0,688123.SH,125307,24574,20210706,292381,6014,52.27,47.397
191586,0,48.76,48.78,48.79,48.8,48.85,600,600,350,1100,350,48.67,48.59,48.57,48.18,48.1,12918,1500,1000,1000,2000,0,2694360,34215000,0,48.67,0,48.67,34215517,673590,48.59,31,48.59,,47.99,0,0,688123.SH,126207,34088,20210706,732163,15050,52.26,47.752
195923,0,48.78,48.79,48.8,48.85,48.88,600,350,1100,350,1300,48.67,48.59,48.57,48.18,48.1,3300,1500,1000,1000,2000,0,3499112,34218000,0,48.76,0,48.67,34218574,874778,48.59,50,48.59,,47.99,0,0,688123.SH,126107,25470,20210706,1229527,25268,52.266,47.411
200057,0,48.77,48.78,48.79,48.8,48.85,1200,600,350,1100,350,48.67,48.57,48.18,48.1,48.05,1228,1000,1000,2000,741,0,106100,34221000,0,48.76,0,48.67,34221574,26525,48.59,53,48.59,,47.99,0,0,688123.SH,127307,21898,20210706,1330371,27340,52.233,47.211
204362,0,48.57,48.66,48.75,48.76,48.77,800,200,406,2600,1200,48.18,48.1,48.05,48.0,47.89,1000,2000,741,1418,1000,0,949788,34224000,0,48.76,0,48.57,34224625,237447,48.57,63,48.59,,47.99,0,0,688123.SH,131513,19670,20210706,1511709,31068,52.124,47.051
211312,0,48.57,48.67,48.75,48.76,48.78,800,600,406,200,600,48.2,48.19,48.18,48.1,48.05,4200,7100,1000,2000,741,0,2068744,34228000,0,48.76,0,48.57,34228619,517186,48.57,63,48.59,,47.99,0,0,688123.SH,128513,30970,20210706,1511709,31068,52.202,47.468
215409,0,48.57,48.67,48.75,48.76,48.78,800,600,744,200,600,48.21,48.2,48.19,48.18,48.1,13200,4200,2100,1000,2000,0,3063432,34231000,0,48.76,0,48.57,34231674,765858,48.57,63,48.59,,47.99,0,0,688123.SH,128851,39170,20210706,1511709,31068,52.193,47.626
219513,0,48.55,48.57,48.67,48.75,48.76,630,2540,1336,744,200,48.22,48.21,48.19,48.18,48.1,4200,13200,2100,1000,2000,0,3742816,34234000,0,48.76,0,48.57,34234546,935704,48.57,63,48.59,,47.99,0,0,688123.SH,132357,39170,20210706,1511709,31068,52.099,47.628
223632,0,48.54,48.55,48.56,48.57,48.67,600,630,406,1940,736,48.23,48.22,48.21,48.19,48.18,12500,4200,738,2100,1000,0,2873012,34237000,0,48.76,0,48.23,34237665,718253,48.23,66,48.59,,47.99,0,0,688123.SH,132163,38708,20210706,1555116,31968,52.103,47.643
227666,0,48.53,48.54,48.55,48.56,48.57,3000,600,630,406,1940,48.24,48.23,48.21,48.19,48.18,4200,12500,738,1900,1000,0,2672384,34240000,0,48.76,0,48.23,34240537,668096,48.23,66,48.59,,47.99,0,0,688123.SH,134613,38508,20210706,1555116,31968,52.037,47.642
230419,0,48.52,48.53,48.55,48.56,48.57,6000,3000,630,406,1940,48.25,48.24,48.23,48.21,48.19,10600,5195,2000,738,1900,0,3314600,34242000,0,48.76,0,48.25,34243032,828650,48.23,67,48.59,,47.99,0,0,688123.SH,140013,39603,20210706,1584066,32568,51.902,47.664
235814,0,48.5,48.51,48.52,48.56,48.66,4200,14200,4406,406,200,48.24,48.23,48.19,48.18,48.1,995,2000,1900,1000,2000,0,170912,34246000,0,48.76,0,48.25,34246475,42728,48.23,67,48.59,,47.99,0,0,688123.SH,151449,24065,20210706,1584066,32568,51.644,47.289
239988,0,48.26,48.49,48.5,48.52,48.56,584,4864,4200,1406,406,48.24,48.23,48.19,48.18,48.1,995,2000,1900,1000,2000,0,3281076,34249000,0,48.76,0,48.49,34249527,820269,48.23,73,48.59,,47.99,0,0,688123.SH,139359,24065,20210706,2068930,42568,51.913,47.289
243933,0,48.49,48.5,48.52,48.54,48.56,338,1000,1000,3000,406,48.26,48.25,48.24,48.23,48.22,356,1000,995,2000,17800,0,3836184,34252000,0,48.76,0,48.26,34252457,959046,48.23,78,48.59,,47.99,0,0,688123.SH,133643,43221,20210706,2119313,43612,52.062,47.703
247852,0,48.48,48.49,48.5,48.53,48.56,200,338,1000,3600,406,48.25,48.24,48.23,48.18,48.1,126,23395,2000,1000,2000,0,737480,34255000,0,48.76,0,48.25,34255395,184370,48.23,82,48.59,,47.99,0,0,688123.SH,133443,44691,20210706,2159414,44442,52.067,47.73
250633,0,48.48,48.5,48.56,48.66,48.67,200,1000,406,200,736,48.26,48.25,48.24,48.23,48.18,2238,1626,995,2000,1000,0,2632968,34257000,0,48.76,0,48.25,34257951,658242,48.23,82,48.59,,47.99,0,0,688123.SH,129505,26229,20210706,2159414,44442,52.174,47.318
254656,0,48.5,48.56,48.66,48.67,48.75,1000,406,200,736,406,48.33,48.31,48.27,48.26,48.25,500,600,7000,3076,1626,0,1433496,34260000,0,48.76,0,48.48,34260938,358374,48.23,83,48.59,,47.99,0,0,688123.SH,129805,35167,20210706,2169110,44642,52.167,47.561
260611,0,48.5,48.56,48.66,48.67,48.75,1000,406,200,736,406,48.35,48.34,48.33,48.27,48.26,600,1600,500,800,2876,0,2419936,34264000,0,48.76,0,48.48,34264501,604984,48.23,83,48.59,,47.99,0,0,688123.SH,131405,30367,20210706,2169110,44642,52.127,47.454
264777,0,48.5,48.56,48.66,48.67,48.75,1000,406,200,736,406,48.36,48.34,48.33,48.32,48.27,806,1400,500,1800,1000,0,3552560,34267000,0,48.76,0,48.5,34267503,888140,48.23,84,48.59,,47.99,0,0,688123.SH,131405,30247,20210706,2217610,45642,52.127,47.527
268701,0,48.5,48.56,48.66,48.67,48.75,1000,406,200,736,406,48.38,48.37,48.36,48.34,48.33,600,1000,806,800,500,0,605908,34270000,0,48.76,0,48.5,34270438,151477,48.23,84,48.59,,47.99,0,0,688123.SH,131605,27747,20210706,2217610,45642,52.123,47.462
272815,0,48.49,48.5,48.55,48.56,48.66,500,800,200,406,200,48.39,48.37,48.36,48.34,48.33,406,200,400,600,500,0,3941400,34273000,0,48.76,0,48.38,34273426,985350,48.23,87,48.59,,47.99,0,0,688123.SH,133105,26147,20210706,2266020,46642,52.122,47.407
276831,0,48.49,48.5,48.55,48.56,48.66,500,800,200,406,200,48.4,48.37,48.36,48.34,48.33,200,200,400,600,500,0,3581808,34276000,0,48.76,0,48.38,34276356,895452,48.23,87,48.59,,47.99,0,0,688123.SH,134805,25741,20210706,2266020,46642,52.14,47.393
281132,0,48.48,48.49,48.5,48.55,48.56,130,300,800,200,756,48.41,48.4,48.37,48.36,48.34,200,200,200,400,600,0,2414580,34279000,0,48.76,0,48.48,34279414,603645,48.23,90,48.59,,47.99,0,0,688123.SH,135385,25341,20210706,2295110,47242,52.125,47.38
285506,0,48.55,48.56,48.66,48.67,48.74,200,756,200,736,300,48.5,48.42,48.27,48.26,48.25,1579,200,51,1176,1500,0,1224512,34282000,0,48.76,0,48.5,34282534,306128,48.23,106,48.59,,47.99,0,0,688123.SH,139255,24871,20210706,2447587,50391,52.059,47.372
288829,0,48.5,48.55,48.56,48.66,48.67,321,200,756,200,736,48.42,48.41,48.27,48.26,48.25,200,224,51,1176,1500,0,1422324,34285000,0,48.76,0,48.5,34285219,355581,48.23,109,48.59,,47.99,0,0,688123.SH,141476,23516,20210706,2533868,52170,52.111,47.306
291809,0,48.55,48.56,48.66,48.67,48.74,200,756,200,736,300,48.42,48.41,48.27,48.26,48.25,200,224,51,1176,1500,0,2610160,34287000,0,48.76,0,48.5,34287841,652540,48.23,109,48.59,,47.99,0,0,688123.SH,141155,23516,20210706,2533868,52170,52.12,47.306
296036,0,48.49,48.5,48.55,48.56,48.66,6000,200,200,756,200,48.42,48.41,48.27,48.26,48.25,414,224,51,1176,1500,0,2062224,34290000,0,48.76,0,48.5,34290897,515556,48.23,109,48.59,,47.99,0,0,688123.SH,146155,23730,20210706,2533868,52170,51.949,47.316
300133,0,48.41,48.46,48.49,48.5,48.55,376,200,6000,200,200,48.28,48.27,48.26,48.25,48.24,406,51,1176,1500,995,0,832016,34293000,0,48.76,0,48.41,34293889,208004,48.23,114,48.59,,47.99,0,0,688123.SH,147431,23498,20210706,2564758,52808,51.922,47.303
304820,0,48.41,48.49,48.5,48.55,48.56,200,6000,200,200,756,48.28,48.27,48.26,48.25,48.24,406,51,1176,1500,995,0,3278444,34296000,0,48.76,0,48.41,34297074,819611,48.23,114,48.59,,47.99,0,0,688123.SH,147055,23498,20210706,2564758,52808,51.931,47.303
308908,0,48.39,48.42,48.49,48.5,48.55,200,1000,6000,200,200,48.27,48.26,48.25,48.24,48.23,51,500,1500,995,2000,0,2771284,34299000,0,48.76,0,48.41,34300067,692821,48.23,114,48.59,,47.99,0,0,688123.SH,148055,22416,20210706,2564758,52808,51.908,47.256
312791,0,48.39,48.4,48.42,48.49,48.5,200,1940,1000,6000,200,48.27,48.26,48.25,48.24,48.23,51,500,1500,995,2000,0,3428784,34302000,0,48.76,0,48.41,34303004,857196,48.23,114,48.59,,47.99,0,0,688123.SH,149995,22416,20210706,2564758,52808,51.862,47.256
315888,0,48.39,48.4,48.42,48.49,48.5,400,1940,1000,6000,200,48.27,48.26,48.25,48.24,48.23,51,500,1500,995,2000,0,3870368,34305000,0,48.76,0,48.41,34305684,967592,48.23,114,48.59,,47.99,0,0,688123.SH,150195,22416,20210706,2564758,52808,51.858,47.256
319965,0,48.38,48.39,48.4,48.42,48.46,744,200,2162,1000,6000,48.27,48.26,48.25,48.24,48.23,51,500,1500,995,2000,0,1243984,34308000,0,48.76,0,48.41,34308680,310996,48.23,114,48.59,,47.99,0,0,688123.SH,155613,22416,20210706,2564758,52808,51.737,47.256
324008,0,48.37,48.38,48.39,48.4,48.42,200,1344,200,2162,1000,48.27,48.26,48.25,48.24,48.23,51,500,1500,995,2000,0,2076596,34311000,0,48.76,0,48.41,34311677,519149,48.23,114,48.59,,47.99,0,0,688123.SH,156413,22416,20210706,2564758,52808,51.72,47.256
328062,0,48.36,48.37,48.38,48.39,48.4,406,200,600,200,2162,48.27,48.26,48.25,48.24,48.23,51,500,1500,995,2000,0,2827720,34314000,0,48.76,0,48.41,34314675,706930,48.23,114,48.59,,47.99,0,0,688123.SH,155525,22416,20210706,2564758,52808,51.738,47.256
332130,0,48.35,48.36,48.37,48.38,48.39,338,1106,200,600,200,48.27,48.26,48.25,48.24,48.23,51,200,1500,995,2000,0,2422792,34317000,0,48.76,0,48.41,34317663,605698,48.23,114,48.59,,47.99,0,0,688123.SH,160063,22116,20210706,2564758,52808,51.713,47.243
336332,0,48.34,48.35,48.36,48.37,48.38,406,538,700,200,600,48.27,48.26,48.25,48.24,48.23,51,200,1500,995,2000,0,172960,34320000,0,48.76,0,48.41,34320723,43240,48.23,114,48.59,,47.99,0,0,688123.SH,158323,22116,20210706,2564758,52808,51.75,47.243
340345,0,48.34,48.35,48.36,48.37,48.38,606,200,700,200,600,48.27,48.26,48.25,48.24,48.23,4451,200,1500,995,2000,0,777912,34323000,0,48.76,0,48.41,34323720,194478,48.23,114,48.59,,47.99,0,0,688123.SH,158185,26516,20210706,2564758,52808,51.753,47.413
344366,0,48.33,48.34,48.35,48.36,48.37,200,606,200,700,200,48.27,48.26,48.25,48.24,48.23,4451,200,1500,995,2000,0,3563056,34326000,0,48.76,0,48.41,34326653,890764,48.23,114,48.59,,47.99,0,0,688123.SH,158385,26516,20210706,2564758,52808,51.748,47.413
348590,0,48.35,48.36,48.37,48.38,48.39,200,700,200,600,200,48.27,48.26,48.25,48.24,48.23,3541,200,1500,995,2000,0,507140,34329000,0,48.76,0,48.34,34329712,126785,48.23,121,48.59,,47.99,0,0,688123.SH,157579,25606,20210706,2770710,57073,51.766,47.383
352717,0,48.35,48.36,48.37,48.38,48.39,200,700,200,600,200,48.27,48.26,48.25,48.24,48.23,3154,200,1500,995,2000,0,1435620,34332000,0,48.76,0,48.27,34332703,358905,48.23,122,48.59,,47.99,0,0,688123.SH,157779,25219,20210706,2789390,57460,51.762,47.369
356849,0,48.34,48.35,48.36,48.37,48.38,200,200,1200,200,600,48.27,48.26,48.25,48.24,48.23,2954,200,1500,995,2000,0,3841328,34335000,0,48.76,0,48.27,34335696,960332,48.23,123,48.59,,47.99,0,0,688123.SH,158479,25019,20210706,2799044,57660,51.747,47.362
362643,0,48.34,48.35,48.36,48.37,48.38,200,200,700,200,600,48.27,48.26,48.25,48.24,48.23,2954,200,1500,995,2000,0,388496,34339000,0,48.76,0,48.27,34339256,97124,48.23,123,48.59,,47.99,0,0,688123.SH,157879,25550,20210706,2799044,57660,51.759,47.356
366719,0,48.34,48.35,48.36,48.37,48.38,200,200,700,200,200,48.27,48.26,48.25,48.23,48.18,2954,200,1500,2000,1000,0,703880,34342000,0,48.76,0,48.27,34342251,175970,48.23,123,48.59,,47.99,0,0,688123.SH,157479,24555,20210706,2799044,57660,51.768,47.32
370769,0,48.34,48.35,48.36,48.37,48.38,200,200,700,200,200,48.27,48.26,48.25,48.23,48.18,2954,200,1500,2000,1000,0,1384516,34345000,0,48.76,0,48.27,34345246,346129,48.23,123,48.59,,47.99,0,0,688123.SH,158079,24555,20210706,2799044,57660,51.755,47.32
375143,0,48.34,48.35,48.36,48.37,48.38,200,200,700,200,200,48.27,48.26,48.25,48.23,48.18,2954,200,1500,2000,1000,0,104344,34348000,0,48.76,0,48.27,34348366,26086,48.23,123,48.59,,47.99,0,0,688123.SH,158379,24555,20210706,2799044,57660,51.752,47.32
378953,0,48.34,48.35,48.36,48.37,48.38,200,200,700,200,200,48.27,48.26,48.25,48.23,48.18,2754,200,1500,2000,1000,0,2652892,34351000,0,48.76,0,48.27,34351236,663223,48.23,124,48.59,,47.99,0,0,688123.SH,158379,24355,20210706,2808698,57860,51.752,47.313
383007,0,48.36,48.37,48.38,48.39,48.4,700,200,200,200,222,48.35,48.27,48.26,48.25,48.23,187,2754,200,1500,2000,0,1950360,34354000,0,48.76,0,48.35,34354231,487590,48.23,128,48.59,,47.99,0,0,688123.SH,157979,24542,20210706,2889066,59523,51.761,47.321
386808,0,48.36,48.37,48.38,48.39,48.4,700,200,200,200,222,48.35,48.34,48.28,48.27,48.26,187,566,992,2754,200,0,1426340,34356000,0,48.76,0,48.35,34357169,356585,48.23,128,48.59,,47.99,0,0,688123.SH,157979,26100,20210706,2889066,59523,51.761,47.379
392724,0,48.36,48.37,48.38,48.39,48.4,700,200,200,200,222,48.35,48.28,48.27,48.26,48.25,187,992,2754,200,1500,0,3122556,34361000,0,48.76,0,48.35,34362096,780639,48.23,128,48.59,,47.99,0,0,688123.SH,157979,25534,20210706,2889066,59523,51.761,47.358
400109,0,48.26,48.36,48.37,48.38,48.39,1097,700,200,200,200,48.25,48.23,48.18,48.1,48.05,1500,2000,1000,2000,741,0,2334004,34366000,0,48.76,0,48.26,34366710,583501,48.23,134,48.59,,47.99,0,0,688123.SH,158676,21401,20210706,3088589,63656,51.744,47.181
404151,0,48.26,48.36,48.37,48.38,48.39,597,700,200,200,200,48.25,48.23,48.18,48.1,48.05,1500,2000,1000,2000,741,0,2896644,34369000,0,48.76,0,48.26,34369643,724161,48.23,136,48.59,,47.99,0,0,688123.SH,158176,21401,20210706,3112719,64156,51.755,47.181
407708,0,48.26,48.35,48.36,48.37,48.38,597,600,700,200,200,48.25,48.23,48.18,48.1,48.05,1500,2000,1000,2000,741,0,1763796,34372000,0,48.76,0,48.26,34372388,440949,48.23,136,48.59,,47.99,0,0,688123.SH,158776,21401,20210706,3112719,64156,51.742,47.181
410578,0,48.26,48.35,48.36,48.37,48.38,597,600,700,200,200,48.25,48.18,48.1,48.05,48.0,1500,1000,2000,741,1418,0,1767480,34374000,0,48.76,0,48.26,34375022,441870,48.23,136,48.59,,47.99,0,0,688123.SH,158776,19401,20210706,3112719,64156,51.742,47.072
414659,0,48.26,48.35,48.36,48.37,48.38,597,600,700,200,200,48.25,48.18,48.1,48.05,48.0,1300,1000,2000,741,1418,0,2696188,34377000,0,48.76,0,48.25,34378010,674047,48.23,137,48.59,,47.99,0,0,688123.SH,158576,19201,20210706,3122369,64356,51.746,47.06
418018,0,48.25,48.26,48.35,48.36,48.37,1100,597,600,700,200,48.18,48.1,48.05,48.0,47.89,1000,2000,741,1418,1000,0,3504200,34380000,0,48.76,0,48.25,34380816,876050,48.23,138,48.59,,47.99,0,0,688123.SH,159376,17901,20210706,3185094,65656,51.728,46.974
422035,0,48.25,48.26,48.35,48.36,48.37,1100,597,1000,700,200,48.18,48.1,48.05,48.0,47.89,1000,2000,741,1418,1000,0,1676096,34383000,0,48.76,0,48.25,34383809,419024,48.23,138,48.59,,47.99,0,0,688123.SH,159776,17901,20210706,3185094,65656,51.719,46.974
426174,0,48.25,48.26,48.35,48.36,48.37,1100,597,1000,700,200,48.18,48.1,48.05,48.0,47.89,1000,2000,741,1418,1000,0,2817484,34386000,0,48.76,0,48.25,34386803,704371,48.23,138,48.59,,47.99,0,0,688123.SH,158576,17901,20210706,3185094,65656,51.75,46.974
430237,0,48.25,48.26,48.35,48.36,48.37,1100,597,1000,700,200,48.18,48.1,48.05,48.0,47.89,800,2000,741,1418,1000,0,3525488,34389000,0,48.76,0,48.18,34389798,881372,48.18,139,48.59,,47.99,0,0,688123.SH,158576,17701,20210706,3194730,65856,51.75,46.96
434384,0,48.24,48.25,48.26,48.35,48.36,200,1100,597,1000,700,48.18,48.1,48.05,48.0,47.89,800,2000,741,1418,1000,0,2006408,34392000,0,48.76,0,48.24,34392856,501602,48.18,140,48.59,,47.99,0,0,688123.SH,158776,17701,20210706,3204378,66056,51.745,46.96
438279,0,48.24,48.26,48.35,48.36,48.37,400,597,400,700,200,48.18,48.1,48.05,48.0,47.9,500,2000,741,1418,400,0,2723432,34395000,0,48.76,0,48.18,34395795,680858,48.18,141,48.59,,47.99,0,0,688123.SH,157276,17801,20210706,3218832,66356,51.778,46.961
442352,0,48.24,48.26,48.35,48.36,48.37,400,597,400,700,200,48.18,48.1,48.05,48.0,47.9,500,2000,741,1418,400,0,1308524,34398000,0,48.76,0,48.18,34398784,327131,48.18,141,48.59,,47.99,0,0,688123.SH,158276,17801,20210706,3218832,66356,51.765,46.961
446447,0,48.24,48.26,48.35,48.36,48.37,400,597,400,700,200,48.18,48.1,48.05,48.0,47.9,500,2000,741,1418,400,0,1806772,34401000,0,48.76,0,48.18,34401784,451693,48.18,141,48.59,,47.99,0,0,688123.SH,158254,17801,20210706,3218832,66356,51.765,46.961
450509,0,48.24,48.35,48.36,48.37,48.38,400,400,700,200,200,48.18,48.1,48.05,48.0,47.9,500,2000,741,1418,400,0,3464060,34404000,0,48.76,0,48.18,34404780,866015,48.18,141,48.59,,47.99,0,0,688123.SH,157657,17801,20210706,3218832,66356,51.779,46.961
454573,0,48.24,48.35,48.36,48.37,48.38,400,400,700,200,200,48.19,48.18,48.1,48.05,48.0,200,500,2000,741,1418,0,1376824,34407000,0,48.76,0,48.18,34407772,344206,48.18,141,48.59,,47.99,0,0,688123.SH,157657,18001,20210706,3218832,66356,51.779,46.974
465063,0,48.24,48.35,48.36,48.37,48.38,400,400,700,200,200,48.19,48.18,48.1,48.05,48.0,200,500,2000,741,1418,0,284132,34414000,0,48.76,0,48.18,34415010,71033,48.18,141,48.59,,47.99,0,0,688123.SH,158257,18001,20210706,3218832,66356,51.768,46.974
469046,0,48.24,48.35,48.36,48.37,48.38,400,400,700,200,200,48.18,48.1,48.05,48.0,47.9,103,2000,741,1418,400,0,1226228,34417000,0,48.76,0,48.18,34418064,306557,48.18,143,48.59,,47.99,0,0,688123.SH,158257,17404,20210706,3247598,66953,51.768,46.933
473054,0,48.23,48.24,48.35,48.36,48.37,600,400,400,700,200,48.11,48.1,48.05,48.0,47.9,1200,1946,741,1418,400,0,737204,34420000,0,48.76,0,48.1,34421059,184301,48.1,145,48.59,,47.99,0,0,688123.SH,158857,18447,20210706,3255158,67110,51.755,46.999
477109,0,48.13,48.23,48.24,48.35,48.36,2000,600,400,400,700,48.11,48.1,48.05,48.0,47.9,1200,1946,741,1418,400,0,1457084,34424000,0,48.76,0,48.1,34424178,364271,48.1,145,48.59,,47.99,0,0,688123.SH,160857,18447,20210706,3255158,67110,51.71,46.999
481061,0,48.13,48.23,48.24,48.35,48.36,2000,600,400,400,700,48.1,48.05,48.0,47.9,47.89,573,741,1418,400,1000,0,1413048,34426000,0,48.76,0,48.1,34426866,353262,48.1,148,48.59,,47.99,0,0,688123.SH,160857,15874,20210706,3378931,69683,51.71,46.82
484956,0,48.13,48.23,48.24,48.35,48.36,2000,600,400,400,700,48.1,48.05,48.0,47.95,47.9,573,741,1418,200,400,0,318408,34429000,0,48.76,0,48.1,34429552,79602,48.1,148,48.59,,47.99,0,0,688123.SH,160857,16074,20210706,3378931,69683,51.71,46.834
488990,0,48.09,48.1,48.12,48.13,48.23,5000,27,200,2000,600,48.05,48.0,47.95,47.9,47.89,741,1418,200,400,1000,0,119852,34432000,0,48.76,0,48.1,34432543,29963,48.1,149,48.59,,47.99,0,0,688123.SH,165884,15501,20210706,3406492,70256,51.6,46.787
491928,0,48.09,48.12,48.13,48.23,48.24,5000,200,2000,600,200,48.05,48.0,47.95,47.9,47.89,741,1418,200,400,1000,0,1261264,34435000,0,48.76,0,48.1,34435163,315316,48.1,149,48.59,,47.99,0,0,688123.SH,166857,15501,20210706,3406492,70256,51.636,46.787
496376,0,48.08,48.09,48.12,48.24,48.35,800,5000,200,200,400,48.05,48.0,47.95,47.9,47.89,741,1418,200,400,1000,0,635020,34438000,0,48.76,0,48.1,34438345,158755,48.1,149,48.59,,47.99,0,0,688123.SH,165057,15501,20210706,3406492,70256,51.674,46.787
500505,0,48.03,48.04,48.05,48.08,48.09,200,963,876,800,5000,48.0,47.95,47.9,47.89,47.51,1418,200,400,1000,200,0,281924,34441000,0,48.76,0,48.05,34441466,70481,48.05,152,48.59,,47.99,0,0,688123.SH,167096,15190,20210706,3442097,70997,51.63,46.726
504103,0,47.99,48.0,48.03,48.04,48.05,8745,2382,200,963,217,47.71,47.7,47.67,47.52,47.51,3000,600,600,1600,200,0,1421808,34444000,0,48.76,0,47.89,34444212,355452,47.89,161,48.59,,47.99,0,0,688123.SH,177364,17972,20210706,3596381,74215,51.419,46.82
509014,0,47.95,47.99,48.0,48.03,48.04,200,19400,1000,200,963,47.77,47.75,47.72,47.51,47.18,600,3600,4685,200,218,0,239244,34447000,0,48.76,0,47.89,34447457,59811,47.89,161,48.59,,47.99,0,0,688123.SH,187837,21057,20210706,3596381,74215,51.248,46.977
512930,0,47.9,47.99,48.0,48.03,48.04,200,9893,1000,200,963,47.78,47.72,47.51,47.18,47.17,400,1082,200,218,3000,0,776000,34450000,0,48.76,0,47.89,34450391,194000,47.89,161,48.59,,47.99,0,0,688123.SH,178330,13654,20210706,3596381,74215,51.422,46.565
517177,0,47.88,48.0,48.03,48.08,48.09,200,1000,200,800,5000,47.78,47.72,47.6,47.51,47.18,203,1082,200,200,218,0,959708,34453000,0,48.76,0,47.78,34453447,239927,47.78,163,48.59,,47.99,0,0,688123.SH,167257,13657,20210706,3615495,74615,51.648,46.563
521044,0,47.95,47.96,48.0,48.03,48.08,200,2000,1000,200,800,47.88,47.72,47.6,47.51,47.2,400,1082,200,200,1700,0,3707360,34456000,0,48.76,0,47.78,34456378,926840,47.78,163,48.59,,47.99,0,0,688123.SH,169257,15554,20210706,3615495,74615,51.605,46.651
525034,0,47.86,47.88,47.94,48.0,48.03,200,800,2000,1000,200,47.72,47.6,47.51,47.2,47.18,1082,200,200,1700,218,0,3921612,34459000,0,48.76,0,47.88,34459375,980403,47.78,165,48.59,,47.99,0,0,688123.SH,170057,15154,20210706,3634647,75015,51.587,46.618
529432,0,47.88,48.0,48.03,48.08,48.09,169,1000,200,800,5000,47.84,47.73,47.72,47.6,47.51,600,1300,1082,200,200,0,3329036,34462000,0,48.76,0,47.88,34462556,832259,47.78,165,48.59,,47.99,0,0,688123.SH,167226,17054,20210706,3634647,75015,51.649,46.746
533076,0,47.84,47.88,48.0,48.03,48.08,720,169,1000,200,800,47.79,47.78,47.76,47.73,47.72,600,200,300,1300,1082,0,3486348,34465000,0,48.76,0,47.84,34465366,871587,47.78,166,48.59,,47.99,0,0,688123.SH,167946,17554,20210706,3656654,75475,51.633,46.773
537134,0,47.99,48.0,48.03,48.08,48.09,3000,1000,200,800,5000,47.89,47.88,47.86,47.84,47.8,800,1031,200,786,1000,0,3671816,34468000,0,48.76,0,47.88,34468424,917954,47.78,170,48.59,,47.99,0,0,688123.SH,170057,18389,20210706,3699190,76364,51.588,46.887
541194,0,47.96,48.0,48.08,48.09,48.12,6200,1000,800,5000,200,47.86,47.8,47.78,47.76,47.73,200,1000,200,300,200,0,807880,34471000,0,48.76,0,47.88,34471418,201970,47.78,170,48.59,,47.99,0,0,688123.SH,173057,14972,20210706,3699190,76364,51.525,46.66
545214,0,47.95,48.0,48.08,48.09,48.12,744,1000,800,5000,200,47.8,47.78,47.76,47.73,47.66,1000,200,300,200,200,0,3660332,34474000,0,48.76,0,47.88,34474412,915083,47.78,170,48.59,,47.99,0,0,688123.SH,167601,14972,20210706,3699190,76364,51.641,46.657
549227,0,47.94,47.95,48.0,48.08,48.09,500,744,1000,800,5000,47.86,47.84,47.81,47.8,47.78,400,200,1400,1000,200,0,3955152,34477000,0,48.76,0,47.88,34477407,988788,47.78,170,48.59,,47.99,0,0,688123.SH,169601,16972,20210706,3699190,76364,51.694,46.794
553191,0,47.78,47.94,47.95,48.0,48.08,2817,700,744,1000,800,47.76,47.73,47.66,47.62,47.6,300,200,200,200,400,0,2946336,34480000,0,48.76,0,47.78,34480402,736584,47.78,175,48.59,,47.99,0,0,688123.SH,172418,13772,20210706,3852192,79564,51.627,46.558
556370,0,47.78,47.86,47.94,47.95,48.0,2617,2000,700,744,1000,47.76,47.73,47.7,47.66,47.62,300,200,1700,1200,200,0,2106400,34482000,0,48.76,0,47.78,34483153,526600,47.78,176,48.59,,47.99,0,0,688123.SH,174418,16972,20210706,3861748,79764,51.585,46.755
560355,0,47.78,47.86,47.94,47.95,48.0,2217,2000,500,744,1000,47.76,47.73,47.7,47.66,47.62,300,200,1700,1200,200,0,2671376,34485000,0,48.76,0,47.78,34486144,667844,47.78,178,48.59,,47.99,0,0,688123.SH,173818,16972,20210706,3880860,80164,51.598,46.755
563005,0,47.78,47.86,47.94,47.95,48.0,754,2000,500,744,1000,47.76,47.73,47.7,47.66,47.62,300,200,1700,1200,200,0,3254312,34488000,0,48.76,0,47.78,34488705,813578,47.78,181,48.59,,47.99,0,0,688123.SH,172355,16972,20210706,3960318,81827,51.631,46.755
567033,0,47.86,47.94,47.95,48.0,48.08,2000,500,744,1000,800,47.78,47.77,47.76,47.73,47.7,432,300,300,200,1700,0,492176,34491000,0,48.76,0,47.78,34491696,123044,47.78,184,48.59,,47.99,0,0,688123.SH,171601,17704,20210706,3996345,82581,51.648,46.797
570991,0,47.86,47.94,47.95,48.0,48.08,2000,500,744,1000,800,47.78,47.77,47.76,47.73,47.7,732,300,300,200,1700,0,1293164,34494000,0,48.76,0,47.78,34494692,323291,47.78,184,48.59,,47.99,0,0,688123.SH,171301,18004,20210706,3996345,82581,51.653,46.814
577892,0,47.7,47.86,47.94,47.95,48.0,1768,2000,500,744,1000,47.66,47.62,47.6,47.51,47.21,1200,200,400,200,300,0,427352,34499000,0,48.76,0,47.7,34499683,106838,47.7,190,48.59,,47.99,0,0,688123.SH,173069,14772,20210706,4150614,85813,51.613,46.613
581901,0,47.69,47.7,47.78,47.86,47.94,200,1457,1918,2000,500,47.66,47.62,47.6,47.51,47.21,1200,200,400,200,300,0,3833560,34502000,0,48.76,0,47.7,34502740,958390,47.7,191,48.59,,47.99,0,0,688123.SH,174876,14772,20210706,4165449,86124,51.573,46.613
589986,0,47.7,47.78,47.86,47.94,47.95,657,1918,2000,500,744,47.66,47.62,47.6,47.51,47.21,1200,200,400,200,300,0,1731732,34508000,0,48.76,0,47.7,34508668,432933,47.69,193,48.59,,47.99,0,0,688123.SH,173876,14772,20210706,4213147,87124,51.595,46.613
594027,0,47.78,47.86,47.94,47.95,48.0,1918,2000,500,744,1000,47.7,47.66,47.62,47.6,47.51,1143,1200,200,400,200,0,1836292,34511000,0,48.76,0,47.7,34511664,459073,47.69,195,48.59,,47.99,0,0,688123.SH,173219,15915,20210706,4244486,87781,51.61,46.691
597987,0,47.86,47.94,47.95,48.0,48.08,2000,500,744,1000,800,47.7,47.66,47.62,47.6,47.51,1143,1200,200,400,200,0,2345644,34514000,0,48.76,0,47.7,34514351,586411,47.69,195,48.59,,47.99,0,0,688123.SH,171301,15915,20210706,4244486,87781,51.653,46.691
605454,0,47.7,47.86,47.94,47.95,48.0,5775,2000,500,744,1000,47.66,47.62,47.6,47.51,47.21,1200,200,400,200,300,0,2955896,34519000,0,48.76,0,47.7,34519408,738974,47.69,197,48.59,,47.99,0,0,688123.SH,177076,14772,20210706,4299007,88924,51.524,46.613
610713,0,47.7,47.86,47.94,47.95,48.0,5575,2000,500,744,1000,47.66,47.62,47.6,47.51,47.21,1200,200,400,200,300,0,2657200,34524000,0,48.76,0,47.7,34524460,664300,47.69,198,48.59,,47.99,0,0,688123.SH,176876,14772,20210706,4308547,89124,51.529,46.613
615289,0,47.7,47.86,47.94,47.95,48.0,5776,2000,500,744,1000,47.66,47.62,47.6,47.51,47.21,1200,200,400,200,300,0,498732,34527000,0,48.76,0,47.7,34527703,124683,47.69,198,48.59,,47.99,0,0,688123.SH,177077,14772,20210706,4308547,89124,51.524,46.613
626189,0,47.7,47.86,47.94,47.95,48.0,2119,2000,500,744,1000,47.66,47.62,47.6,47.51,47.21,1200,200,400,200,300,0,3854352,34535000,0,48.76,0,47.7,34535751,963588,47.69,198,48.59,,47.99,0,0,688123.SH,173420,14772,20210706,4308547,89124,51.605,46.613
630204,0,47.85,47.86,47.94,47.95,48.0,800,2000,500,744,1000,47.7,47.66,47.62,47.6,47.51,4381,1200,200,400,200,0,699260,34538000,0,48.76,0,47.7,34538745,174815,47.69,200,48.59,,47.99,0,0,688123.SH,172101,19153,20210706,4409623,91243,51.635,46.861
638091,0,47.84,47.85,47.86,47.94,47.95,1600,800,2000,500,744,47.7,47.66,47.62,47.6,47.51,4381,1200,200,400,200,0,192324,34544000,0,48.76,0,47.7,34544441,48081,47.69,200,48.59,,47.99,0,0,688123.SH,173701,19153,20210706,4409623,91243,51.601,46.861
642028,0,47.83,47.84,47.86,47.94,47.95,800,1600,2000,500,744,47.7,47.66,47.62,47.6,47.51,4381,1200,200,400,200,0,1417000,34547000,0,48.76,0,47.7,34547434,354250,47.69,200,48.59,,47.99,0,0,688123.SH,173701,19153,20210706,4409623,91243,51.6,46.861
645934,0,47.82,47.83,47.84,47.86,47.94,11000,1600,1600,2000,500,47.7,47.66,47.62,47.6,47.51,724,1200,200,400,200,0,2105188,34549000,0,48.76,0,47.7,34550117,526297,47.69,202,48.59,,47.99,0,0,688123.SH,185501,15496,20210706,4607977,95400,51.36,46.663
649809,0,47.79,47.8,47.81,47.82,47.84,1000,18854,10506,203,1600,47.71,47.7,47.66,47.62,47.6,300,724,1200,200,400,0,1961252,34552000,0,48.76,0,47.7,34552747,490313,47.69,202,48.59,,47.99,0,0,688123.SH,202220,16056,20210706,4607977,95400,51.064,46.692
653780,0,47.78,47.81,47.84,47.86,48.0,744,700,1600,2000,1000,47.7,47.66,47.62,47.6,47.51,724,1200,200,400,200,0,3763784,34555000,0,48.76,0,47.71,34555795,940946,47.69,203,48.59,,47.99,0,0,688123.SH,173101,15756,20210706,4622290,95700,51.612,46.673
662032,0,47.78,47.81,47.84,47.86,48.0,444,700,1600,2000,1000,47.7,47.66,47.62,47.6,47.51,724,1200,200,400,200,0,17408,34562000,0,48.76,0,47.78,34562848,4352,47.69,204,48.59,,47.99,0,0,688123.SH,172801,15756,20210706,4636624,96000,51.619,46.673
667882,0,47.78,47.81,47.84,47.86,48.0,144,700,1600,2000,1000,47.7,47.66,47.62,47.6,47.51,1724,1200,200,400,200,0,1011776,34566000,0,48.76,0,47.78,34567027,252944,47.69,206,48.59,,47.99,0,0,688123.SH,172401,18277,20210706,4650958,96300,51.627,46.771
672517,0,47.81,47.84,47.86,48.0,48.08,700,1600,2000,1000,800,47.7,47.66,47.62,47.6,47.51,2724,1200,200,400,200,0,3466820,34570000,0,48.76,0,47.78,34570208,866705,47.69,206,48.59,,47.99,0,0,688123.SH,172457,19277,20210706,4650958,96300,51.626,46.819
676534,0,47.81,47.84,47.86,48.0,48.08,500,1600,2000,1000,800,47.71,47.7,47.66,47.62,47.6,600,2724,1200,200,400,0,2629164,34573000,0,48.76,0,47.81,34573206,657291,47.69,207,48.59,,47.99,0,0,688123.SH,172257,20377,20210706,4660520,96500,51.631,46.851
681005,0,47.84,47.86,48.0,48.08,48.09,1600,2000,1000,800,5000,47.78,47.71,47.7,47.66,47.62,600,900,2724,1200,200,0,1431588,34576000,0,48.76,0,47.81,34576327,357897,47.69,207,48.59,,47.99,0,0,688123.SH,171757,21488,20210706,4660520,96500,51.642,46.894
685181,0,47.84,47.86,48.0,48.08,48.09,1400,2000,1000,800,5000,47.78,47.71,47.7,47.66,47.62,600,2093,2724,1200,200,0,3980168,34579000,0,48.76,0,47.84,34579383,995042,47.69,208,48.59,,47.99,0,0,688123.SH,171557,22681,20210706,4670088,96700,51.646,46.937
689187,0,47.84,47.86,48.0,48.08,48.09,1400,2000,1000,800,5000,47.8,47.79,47.71,47.7,47.66,600,600,2093,2724,1200,0,420076,34582000,0,48.76,0,47.84,34582378,105019,47.69,208,48.59,,47.99,0,0,688123.SH,171557,23481,20210706,4670088,96700,51.646,46.953
693181,0,47.84,47.86,48.0,48.08,48.09,1400,2000,1000,800,5000,47.8,47.79,47.71,47.7,47.66,600,600,2093,2724,1200,0,2507872,34585000,0,48.76,0,47.84,34585372,626968,47.69,208,48.59,,47.99,0,0,688123.SH,171857,23481,20210706,4670088,96700,51.641,46.953
697293,0,47.84,47.86,48.0,48.08,48.09,1200,2000,1000,800,5000,47.8,47.79,47.71,47.7,47.66,600,600,2093,2724,1200,0,1597624,34588000,0,48.76,0,47.84,34588429,399406,47.69,209,48.59,,47.99,0,0,688123.SH,171657,23481,20210706,4679656,96900,51.645,46.953
710918,0,47.84,47.86,48.0,48.08,48.09,1400,2000,1000,800,5000,47.8,47.79,47.71,47.7,47.66,600,600,2093,2724,1200,0,10424,34599000,0,48.76,0,47.84,34599661,2606,47.69,209,48.59,,47.99,0,0,688123.SH,171857,23481,20210706,4679656,96900,51.641,46.953
714850,0,47.84,47.86,48.0,48.08,48.09,1400,2000,1000,800,5000,47.8,47.79,47.71,47.7,47.66,800,600,2093,2724,1200,0,1088408,34602000,0,48.76,0,47.84,34602656,272102,47.69,209,48.59,,47.99,0,0,688123.SH,171857,23681,20210706,4679656,96900,51.641,46.96
722624,0,47.84,47.86,48.0,48.08,48.09,1600,2000,1000,800,5000,47.8,47.79,47.71,47.7,47.66,800,600,2093,2724,1200,0,2666216,34608000,0,48.76,0,47.84,34608523,666554,47.69,209,48.59,,47.99,0,0,688123.SH,172057,23681,20210706,4679656,96900,51.637,46.96
726308,0,47.8,47.84,47.86,48.0,48.08,1140,1600,2000,1000,800,47.79,47.71,47.7,47.66,47.62,600,2093,2724,1200,200,0,1194916,34611000,0,48.76,0,47.8,34611205,298729,47.69,211,48.59,,47.99,0,0,688123.SH,173197,22881,20210706,4717896,97700,51.611,46.931
730242,0,47.84,47.86,48.0,48.08,48.09,1600,2000,1000,800,5000,47.8,47.79,47.71,47.7,47.66,860,240,2093,2724,1200,0,2682164,34614000,0,48.76,0,47.8,34614199,670541,47.69,213,48.59,,47.99,0,0,688123.SH,172057,23381,20210706,4789593,99200,51.637,46.95
734164,0,47.79,47.84,47.86,48.0,48.08,200,1600,2000,1000,800,47.7,47.66,47.62,47.6,47.51,401,1200,200,400,200,0,3501428,34617000,0,48.76,0,47.7,34617194,875357,47.69,223,48.59,,47.99,0,0,688123.SH,172257,17865,20210706,5052835,104716,51.632,46.711
738120,0,47.78,47.79,47.84,47.86,48.08,406,200,1600,2000,800,47.72,47.7,47.66,47.62,47.6,531,401,1200,200,400,0,2448352,34620000,0,48.76,0,47.7,34620190,612088,47.69,223,48.59,,47.99,0,0,688123.SH,171663,18396,20210706,5052835,104716,51.644,46.74
742052,0,47.84,47.86,48.08,48.09,48.17,1600,2000,800,5000,200,47.72,47.7,47.66,47.62,47.6,531,401,1200,200,400,0,3761368,34623000,0,48.76,0,47.7,34623185,940342,47.69,223,48.59,,47.99,0,0,688123.SH,171057,18396,20210706,5052835,104716,51.658,46.74
745982,0,47.84,47.86,48.08,48.09,48.17,1600,2000,800,5000,200,47.72,47.7,47.66,47.62,47.6,131,401,1200,200,400,0,3550604,34626000,0,48.76,0,47.72,34626180,887651,47.69,224,48.59,,47.99,0,0,688123.SH,171057,17996,20210706,5071923,105116,51.658,46.718
750408,0,47.84,47.86,48.08,48.09,48.17,1600,2000,800,5000,200,47.73,47.72,47.7,47.66,47.62,432,131,401,1200,200,0,545144,34629000,0,48.76,0,47.72,34629675,136286,47.69,224,48.59,,47.99,0,0,688123.SH,171057,18428,20210706,5071923,105116,51.658,46.742
771862,0,47.84,47.86,48.08,48.09,48.17,1600,2000,800,5000,200,47.74,47.73,47.72,47.7,47.66,200,232,131,401,1200,0,1065760,34645000,0,48.76,0,47.73,34645217,266440,47.69,225,48.59,,47.99,0,0,688123.SH,171057,18428,20210706,5081469,105316,51.658,46.742
778939,0,47.84,47.86,48.08,48.09,48.17,1600,2000,800,5000,200,47.76,47.74,47.73,47.72,47.7,500,200,232,131,401,0,2088764,34650000,0,48.76,0,47.73,34650954,522191,47.69,225,48.59,,47.99,0,0,688123.SH,171057,18928,20210706,5081469,105316,51.658,46.769
782911,0,47.84,47.86,48.08,48.09,48.17,1832,2000,800,5000,200,47.76,47.74,47.73,47.72,47.7,500,200,232,131,401,0,2163388,34653000,0,48.76,0,47.73,34653949,540847,47.69,225,48.59,,47.99,0,0,688123.SH,171289,18928,20210706,5081469,105316,51.653,46.769
796892,0,47.84,47.86,48.08,48.09,48.17,1832,2000,800,5000,200,47.76,47.74,47.73,47.72,47.7,500,200,232,131,401,0,2889016,34663000,0,48.76,0,47.73,34664063,722254,47.69,225,48.59,,47.99,0,0,688123.SH,171289,19928,20210706,5081469,105316,51.653,46.804
800814,0,48.02,48.08,48.09,48.17,48.35,2400,800,5000,200,400,47.85,47.83,47.78,47.76,47.74,800,2000,300,500,200,0,3004872,34666000,0,48.76,0,47.86,34667055,751218,47.69,231,48.59,,47.99,0,0,688123.SH,169857,23028,20210706,5264831,109148,51.687,46.942
804655,0,48.02,48.08,48.09,48.17,48.35,1600,800,5000,200,400,47.85,47.83,47.78,47.76,47.74,800,2000,300,500,200,0,591560,34669000,0,48.76,0,47.86,34669798,147890,47.69,231,48.59,,47.99,0,0,688123.SH,169057,23028,20210706,5264831,109148,51.705,46.942
808046,0,48.07,48.08,48.09,48.17,48.35,2400,800,5000,200,400,47.89,47.87,47.83,47.78,47.76,800,800,2000,300,500,0,3384708,34672000,0,48.76,0,47.86,34672419,846177,47.69,231,48.59,,47.99,0,0,688123.SH,169857,23828,20210706,5264831,109148,51.688,46.975
810988,0,48.07,48.08,48.09,48.17,48.35,2600,800,5000,200,400,47.89,47.83,47.78,47.76,47.75,800,2000,300,500,200,0,1566636,34674000,0,48.76,0,47.86,34675104,391659,47.69,231,48.59,,47.99,0,0,688123.SH,170557,23228,20210706,5264831,109148,51.675,46.951
814908,0,48.05,48.06,48.07,48.08,48.09,1200,406,200,800,5000,47.89,47.83,47.78,47.76,47.75,800,2000,300,500,200,0,843368,34677000,0,48.76,0,47.86,34678101,210842,47.69,231,48.59,,47.99,0,0,688123.SH,169763,23228,20210706,5264831,109148,51.691,46.951
819340,0,48.05,48.07,48.08,48.09,48.17,1200,200,800,5000,200,47.89,47.83,47.78,47.76,47.75,800,2000,300,500,200,0,1987556,34680000,0,48.76,0,48.05,34681348,496889,47.69,232,48.59,,47.99,0,0,688123.SH,169357,23228,20210706,5274441,109348,51.7,46.951
823603,0,48.05,48.07,48.09,48.17,48.35,400,200,5000,200,400,47.89,47.83,47.78,47.76,47.75,800,2000,300,500,200,0,2388868,34684000,0,48.76,0,48.05,34684406,597217,47.69,232,48.59,,47.99,0,0,688123.SH,165757,22228,20210706,5274441,109348,51.765,46.927
827456,0,48.05,48.07,48.09,48.17,48.35,200,200,5000,200,400,47.89,47.83,47.78,47.76,47.75,800,2000,300,500,200,0,2084096,34687000,0,48.76,0,48.05,34687338,521024,47.69,232,48.59,,47.99,0,0,688123.SH,165557,22228,20210706,5274441,109348,51.77,46.927
840434,0,48.05,48.07,48.09,48.17,48.35,200,200,5000,200,400,47.89,47.83,47.78,47.77,47.76,800,2000,300,500,500,0,195536,34697000,0,48.76,0,48.05,34697629,48884,47.69,232,48.59,,47.99,0,0,688123.SH,165557,22728,20210706,5274441,109348,51.77,46.946
844380,0,48.04,48.05,48.07,48.09,48.17,406,200,200,5000,200,47.89,47.83,47.78,47.77,47.76,800,2000,300,500,500,0,378616,34700000,0,48.76,0,48.05,34700624,94654,47.69,232,48.59,,47.99,0,0,688123.SH,165963,22728,20210706,5274441,109348,51.76,46.946
848331,0,48.04,48.05,48.07,48.09,48.17,606,200,200,5000,200,47.89,47.83,47.78,47.77,47.76,800,2000,300,500,500,0,752896,34703000,0,48.76,0,48.05,34703619,188224,47.69,232,48.59,,47.99,0,0,688123.SH,166463,22728,20210706,5274441,109348,51.753,46.946
852240,0,48.03,48.04,48.05,48.07,48.09,400,606,200,200,5000,47.89,47.83,47.78,47.77,47.76,800,2000,300,500,500,0,3623284,34706000,0,48.76,0,48.05,34706614,905821,47.69,232,48.59,,47.99,0,0,688123.SH,166863,22728,20210706,5274441,109348,51.744,46.946
856152,0,47.99,48.03,48.04,48.05,48.07,500,600,200,200,200,47.83,47.78,47.77,47.76,47.75,2000,300,500,500,200,0,62136,34709000,0,48.76,0,47.89,34709610,15534,47.69,233,48.59,,47.99,0,0,688123.SH,170815,21928,20210706,5312753,110148,51.675,46.911
859965,0,47.97,47.98,47.99,48.03,48.04,2200,406,1400,600,200,47.83,47.78,47.77,47.76,47.75,2000,300,500,500,200,0,1043956,34712000,0,48.76,0,47.89,34712293,260989,47.69,233,48.59,,47.99,0,0,688123.SH,174321,21928,20210706,5312753,110148,51.601,46.911
863857,0,47.93,47.97,47.99,48.03,48.04,600,1800,1400,600,200,47.83,47.78,47.77,47.76,47.75,2000,300,500,500,200,0,2395244,34715000,0,48.76,0,47.89,34715288,598811,47.69,233,48.59,,47.99,0,0,688123.SH,169115,21728,20210706,5312753,110148,51.709,46.904
870582,0,47.93,47.97,47.99,48.03,48.04,600,1800,1400,600,200,47.83,47.78,47.77,47.76,47.75,2000,300,500,500,200,0,2110952,34720000,0,48.76,0,47.89,34720281,527738,47.69,233,48.59,,47.99,0,0,688123.SH,169315,21728,20210706,5312753,110148,51.705,46.904
874476,0,47.92,47.97,47.99,48.03,48.04,406,1800,1400,600,200,47.83,47.78,47.77,47.76,47.75,2000,300,500,500,200,0,2551264,34723000,0,48.76,0,47.89,34723279,637816,47.69,233,48.59,,47.99,0,0,688123.SH,169121,21728,20210706,5312753,110148,51.71,46.904
879635,0,47.92,47.97,47.99,48.03,48.04,406,1800,1400,600,200,47.85,47.83,47.78,47.77,47.76,200,2000,300,500,500,0,321936,34727000,0,48.76,0,47.89,34727835,80484,47.69,233,48.59,,47.99,0,0,688123.SH,169121,21928,20210706,5312753,110148,51.71,46.912
883545,0,47.92,47.96,47.97,47.99,48.03,406,700,200,1400,600,47.85,47.83,47.78,47.77,47.76,200,2000,300,500,500,0,2118940,34730000,0,48.76,0,47.89,34730828,529735,47.69,233,48.59,,47.99,0,0,688123.SH,168221,21928,20210706,5312753,110148,51.73,46.912
887291,0,47.92,47.96,47.97,47.99,48.03,406,700,200,1400,600,47.85,47.83,47.78,47.77,47.76,200,2000,300,500,500,0,3199104,34733000,0,48.76,0,47.89,34733511,799776,47.69,233,48.59,,47.99,0,0,688123.SH,168621,21928,20210706,5312753,110148,51.722,46.912
891100,0,47.92,47.96,47.97,47.99,48.03,406,700,200,1400,600,47.85,47.83,47.78,47.77,47.76,200,2000,300,500,500,0,2142452,34736000,0,48.76,0,47.89,34736192,535613,47.69,233,48.59,,47.99,0,0,688123.SH,168621,22128,20210706,5312753,110148,51.722,46.918
895035,0,47.92,47.96,47.97,47.99,48.03,406,700,200,1400,600,47.85,47.83,47.78,47.77,47.76,200,3500,300,500,500,0,2243184,34739000,0,48.76,0,47.89,34739187,560796,47.69,233,48.59,,47.99,0,0,688123.SH,168621,23628,20210706,5312753,110148,51.722,46.976
898915,0,47.92,47.96,47.97,47.99,48.03,406,700,200,1400,600,47.85,47.83,47.78,47.77,47.76,200,3500,300,500,500,0,3992044,34742000,0,48.76,0,47.89,34742182,998011,47.69,233,48.59,,47.99,0,0,688123.SH,172621,23628,20210706,5312753,110148,51.655,46.976
907321,0,47.96,47.97,47.99,48.03,48.04,700,200,1400,600,200,47.92,47.85,47.83,47.78,47.77,94,200,3500,300,500,0,2536912,34749000,0,48.76,0,47.92,34749360,634228,47.69,234,48.59,,47.99,0,0,688123.SH,172215,23722,20210706,5332209,110554,51.664,46.98
911252,0,47.95,47.96,47.97,47.99,48.03,600,932,200,1400,600,47.92,47.85,47.83,47.78,47.77,894,200,3500,300,500,0,862708,34752000,0,48.76,0,47.92,34752356,215677,47.69,236,48.59,,47.99,0,0,688123.SH,173047,24522,20210706,5341793,110754,51.646,47.01
915214,0,47.96,47.97,47.99,48.03,48.04,932,200,1400,600,200,47.92,47.85,47.83,47.78,47.77,294,200,3500,300,500,0,76608,34755000,0,48.76,0,47.92,34755352,19152,47.69,237,48.59,,47.99,0,0,688123.SH,172447,23922,20210706,5370545,111354,51.659,46.988
934841,0,47.96,47.97,47.99,48.03,48.04,932,200,1400,600,200,47.92,47.85,47.83,47.78,47.77,294,200,3500,300,500,0,2229776,34770000,0,48.76,0,47.92,34770578,557444,47.69,237,48.59,,47.99,0,0,688123.SH,174447,23922,20210706,5370545,111354,51.626,46.988
938784,0,47.96,47.97,47.99,48.03,48.04,932,200,1400,600,200,47.92,47.85,47.83,47.78,47.77,294,200,3500,300,500,0,1590120,34773000,0,48.76,0,47.92,34773633,397530,47.69,237,48.59,,47.99,0,0,688123.SH,174447,24522,20210706,5370545,111354,51.626,46.97
950343,0,47.96,47.97,47.99,48.03,48.04,532,200,1400,600,200,47.92,47.85,47.83,47.78,47.77,294,200,3500,300,500,0,411004,34782000,0,48.76,0,47.96,34782499,102751,47.69,238,48.59,,47.99,0,0,688123.SH,174047,24522,20210706,5389729,111754,51.634,46.97
954573,0,47.96,47.97,47.99,48.03,48.04,532,200,1400,600,200,47.92,47.85,47.83,47.78,47.77,294,200,3500,300,500,0,2802248,34785000,0,48.76,0,47.96,34785739,700562,47.69,238,48.59,,47.99,0,0,688123.SH,177047,24522,20210706,5389729,111754,51.578,46.97
958427,0,47.96,47.97,47.99,48.03,48.04,532,200,1400,600,200,47.92,47.85,47.83,47.78,47.77,294,200,3500,300,500,0,259516,34788000,0,48.76,0,47.96,34788735,64879,47.69,238,48.59,,47.99,0,0,688123.SH,177047,24290,20210706,5389729,111754,51.578,46.963
962302,0,47.95,47.96,47.97,47.99,48.03,600,532,200,1400,200,47.92,47.85,47.83,47.78,47.77,294,200,3500,300,500,0,1017748,34791000,0,48.76,0,47.96,34791730,254437,47.69,238,48.59,,47.99,0,0,688123.SH,177247,24290,20210706,5389729,111754,51.573,46.963
965687,0,47.95,47.96,47.97,47.99,48.03,220,532,200,1400,200,47.92,47.85,47.83,47.78,47.77,294,200,3500,300,500,0,1174544,34794000,0,48.76,0,47.95,34794412,293636,47.69,239,48.59,,47.99,0,0,688123.SH,176867,24290,20210706,5407950,112134,51.581,46.963
969831,0,47.95,47.96,47.97,47.99,48.03,442,532,200,1400,200,47.92,47.85,47.83,47.78,47.77,294,200,3500,300,500,0,3966048,34797000,0,48.76,0,47.95,34797656,991512,47.69,239,48.59,,47.99,0,0,688123.SH,177089,24290,20210706,5407950,112134,51.577,46.963
973699,0,47.95,47.96,47.97,47.99,48.03,442,532,200,1400,200,47.92,47.85,47.83,47.78,47.77,294,200,3500,300,500,0,183004,34800000,0,48.76,0,47.95,34800652,45751,47.69,239,48.59,,47.99,0,0,688123.SH,177689,24290,20210706,5407950,112134,51.597,46.963
977548,0,47.95,47.96,47.97,47.99,48.03,442,532,200,1400,200,47.83,47.78,47.77,47.76,47.75,2994,300,500,500,200,0,2067036,34803000,0,48.76,0,47.83,34803647,516759,47.69,242,48.59,,47.99,0,0,688123.SH,177689,23290,20210706,5455810,113134,51.597,46.924
982814,0,47.94,47.95,47.96,47.97,47.99,300,442,532,200,700,47.83,47.78,47.77,47.76,47.75,2994,300,500,500,200,0,333320,34806000,0,48.76,0,47.83,34807080,83330,47.69,242,48.59,,47.99,0,0,688123.SH,177289,23290,20210706,5455810,113134,51.605,46.924
986708,0,47.94,47.95,47.96,47.97,47.99,555,442,532,200,700,47.83,47.78,47.77,47.76,47.75,2994,300,500,500,200,0,2480988,34809000,0,48.76,0,47.83,34810075,620247,47.69,242,48.59,,47.99,0,0,688123.SH,177944,23290,20210706,5455810,113134,51.605,46.924
990624,0,47.94,47.95,47.96,47.97,47.99,355,442,532,200,700,47.83,47.78,47.77,47.76,47.75,2994,300,500,500,200,0,3624960,34812000,0,48.76,0,47.94,34813070,906240,47.69,243,48.59,,47.99,0,0,688123.SH,177744,23290,20210706,5465398,113334,51.609,46.924
993817,0,47.94,47.95,47.96,47.97,47.99,355,442,532,200,700,47.84,47.83,47.78,47.77,47.76,232,2994,300,500,500,0,183788,34815000,0,48.76,0,47.94,34815820,45947,47.69,243,48.59,,47.99,0,0,688123.SH,177744,23522,20210706,5465398,113334,51.609,46.933
997900,0,47.94,47.95,47.96,47.97,47.99,155,442,532,200,700,47.84,47.83,47.78,47.77,47.76,232,2994,300,500,500,0,1658880,34818000,0,48.76,0,47.94,34818882,414720,47.69,245,48.59,,47.99,0,0,688123.SH,177544,23522,20210706,5474986,113534,51.613,46.933
1001676,0,47.94,47.95,47.96,47.97,47.99,155,222,532,200,700,47.84,47.83,47.78,47.77,47.76,232,2994,300,500,500,0,1653428,34821000,0,48.76,0,47.94,34821807,413357,47.69,245,48.59,,47.99,0,0,688123.SH,177324,23522,20210706,5474986,113534,51.618,46.933
1009229,0,47.94,47.95,47.96,47.97,47.99,155,222,532,200,700,47.84,47.83,47.78,47.77,47.76,232,2994,300,500,500,0,2514820,34827000,0,48.76,0,47.94,34827671,628705,47.69,245,48.59,,47.99,0,0,688123.SH,183152,23522,20210706,5474986,113534,51.782,46.933
1017106,0,47.94,47.95,47.96,47.97,47.99,155,222,532,200,700,47.85,47.84,47.83,47.78,47.77,200,232,2994,300,500,0,2738124,34833000,0,48.76,0,47.94,34833662,684531,47.69,245,48.59,,47.99,0,0,688123.SH,183152,23722,20210706,5474986,113534,51.782,46.941
1032252,0,47.97,47.99,48.03,48.04,48.05,109,700,200,200,200,47.85,47.84,47.83,47.78,47.77,200,232,2994,300,500,0,3243600,34845000,0,48.76,0,47.97,34845143,810900,47.69,250,48.59,,47.99,0,0,688123.SH,182152,23722,20210706,5522942,114534,51.803,46.941
1038370,0,47.97,47.99,48.03,48.04,48.05,109,700,200,200,200,47.88,47.86,47.85,47.84,47.83,800,1082,200,232,2994,0,3292148,34849000,0,48.76,0,47.97,34849266,823037,47.69,250,48.59,,47.99,0,0,688123.SH,182152,25604,20210706,5522942,114534,51.803,47.009
1042218,0,47.99,48.03,48.04,48.05,48.07,700,200,200,200,200,47.88,47.86,47.85,47.84,47.83,800,1082,200,232,2994,0,322996,34852000,0,48.76,0,47.97,34852262,80749,47.69,250,48.59,,47.99,0,0,688123.SH,182043,25604,20210706,5522942,114534,51.806,47.009
1047186,0,47.99,48.03,48.04,48.05,48.07,700,200,200,200,200,47.86,47.85,47.84,47.83,47.78,769,200,232,2994,300,0,3674568,34855000,0,48.76,0,47.86,34855938,918642,47.69,252,48.59,,47.99,0,0,688123.SH,182043,24491,20210706,5576226,115647,51.806,46.97
1051753,0,47.99,48.03,48.04,48.05,48.07,700,200,200,200,200,47.86,47.85,47.84,47.83,47.78,769,200,232,2994,300,0,2724028,34860000,0,48.76,0,47.86,34860432,681007,47.69,252,48.59,,47.99,0,0,688123.SH,182043,24691,20210706,5576226,115647,51.806,46.971
1071239,0,47.99,48.03,48.04,48.05,48.07,500,200,200,200,200,47.86,47.85,47.84,47.83,47.78,769,200,232,2994,300,0,3363716,34875000,0,48.76,0,47.86,34875345,840929,47.69,252,48.59,,47.99,0,0,688123.SH,181843,24691,20210706,5576226,115647,51.81,46.971
1075137,0,47.99,48.03,48.04,48.05,48.07,500,200,200,200,200,47.86,47.85,47.84,47.83,47.78,769,200,232,2994,300,0,1128932,34878000,0,48.76,0,47.86,34878341,282233,47.69,252,48.59,,47.99,0,0,688123.SH,182143,24691,20210706,5576226,115647,51.807,46.971
1079046,0,47.99,48.03,48.04,48.05,48.07,500,200,200,200,200,47.86,47.85,47.84,47.83,47.78,769,200,232,2994,300,0,1075640,34881000,0,48.76,0,47.86,34881336,268910,47.69,252,48.59,,47.99,0,0,688123.SH,181592,24691,20210706,5576226,115647,51.804,46.971
1094524,0,48.17,48.3,48.35,48.36,48.37,200,3000,400,700,200,48.1,47.86,47.85,47.84,47.83,3700,769,200,232,2994,0,445132,34893000,0,48.76,0,48.07,34893257,111283,47.69,257,48.59,,47.99,0,0,688123.SH,180292,28391,20210706,5638659,116947,51.831,47.118
1098876,0,48.16,48.17,48.3,48.35,48.36,1113,200,3000,400,700,48.1,47.86,47.85,47.84,47.83,3700,769,200,232,2994,0,164836,34896000,0,48.76,0,48.07,34896687,41209,47.69,257,48.59,,47.99,0,0,688123.SH,181405,28391,20210706,5638659,116947,51.808,47.118
1102770,0,48.15,48.16,48.17,48.3,48.35,800,2000,200,3000,400,47.96,47.93,47.87,47.86,47.85,800,200,6200,769,200,0,625268,34899000,0,48.76,0,48.1,34899682,156317,47.69,259,48.59,,47.99,0,0,688123.SH,183092,31891,20210706,5816629,120647,51.775,47.176
1106579,0,48.07,48.14,48.17,48.3,48.35,800,800,200,3000,400,47.93,47.86,47.85,47.84,47.83,200,769,200,232,2994,0,189784,34902000,0,48.76,0,48.1,34902677,47446,47.69,259,48.59,,47.99,0,0,688123.SH,181892,24891,20210706,5816629,120647,51.798,46.978
1110417,0,48.11,48.14,48.17,48.3,48.35,800,6224,200,3000,400,47.93,47.86,47.85,47.84,47.83,200,1269,200,232,2994,0,492688,34905000,0,48.76,0,48.1,34905672,123172,47.69,259,48.59,,47.99,0,0,688123.SH,187316,25391,20210706,5816629,120647,51.692,46.996
1114248,0,48.1,48.11,48.17,48.3,48.35,9245,800,200,3000,400,47.93,47.86,47.85,47.84,47.83,200,1269,200,232,2994,0,3599880,34908000,0,48.76,0,48.1,34908667,899970,47.69,259,48.59,,47.99,0,0,688123.SH,190337,25391,20210706,5816629,120647,51.634,46.996
1118065,0,48.1,48.11,48.17,48.3,48.35,9245,800,200,3000,400,47.93,47.86,47.85,47.84,47.83,200,1269,200,232,2994,0,1042952,34911000,0,48.76,0,48.1,34911663,260738,47.69,259,48.59,,47.99,0,0,688123.SH,187567,25391,20210706,5816629,120647,51.661,46.996
1125557,0,48.1,48.11,48.17,48.3,48.35,4600,800,200,3000,400,48.04,47.93,47.86,47.85,47.84,1000,200,1269,200,232,0,78448,34917000,0,48.76,0,48.1,34917594,19612,47.69,259,48.59,,47.99,0,0,688123.SH,185122,26391,20210706,5816629,120647,51.721,47.035
1129399,0,48.09,48.11,48.17,48.3,48.35,500,800,200,3000,400,48.04,47.93,47.86,47.85,47.84,1000,200,1269,200,232,0,1179632,34920000,0,48.76,0,48.1,34920588,294908,47.69,259,48.59,,47.99,0,0,688123.SH,181022,26391,20210706,5816629,120647,51.803,47.035
1141036,0,48.09,48.11,48.17,48.3,48.35,500,800,200,3000,400,48.04,47.93,47.86,47.85,47.83,1000,200,1269,200,2994,0,2238468,34929000,0,48.76,0,48.1,34929514,559617,47.69,259,48.59,,47.99,0,0,688123.SH,181022,26159,20210706,5816629,120647,51.803,47.028
1144918,0,48.11,48.17,48.3,48.35,48.36,800,200,3000,400,700,48.09,48.04,47.93,47.86,47.85,580,1000,200,1269,200,0,3306996,34932000,0,48.76,0,48.09,34932509,826749,47.69,261,48.59,,47.99,0,0,688123.SH,180522,26739,20210706,5850292,121347,51.813,47.051
1149311,0,48.17,48.3,48.35,48.36,48.37,200,3000,400,700,200,48.09,48.04,47.93,47.86,47.85,580,1000,200,1269,200,0,420772,34935000,0,48.76,0,48.09,34935751,105193,47.69,261,48.59,,47.99,0,0,688123.SH,179722,26739,20210706,5850292,121347,51.83,47.051
1153185,0,48.17,48.3,48.35,48.36,48.37,600,3000,400,700,200,48.09,47.93,47.87,47.86,47.85,580,200,500,1269,200,0,1988588,34938000,0,48.76,0,48.09,34938747,497147,47.69,261,48.59,,47.99,0,0,688123.SH,180122,26239,20210706,5850292,121347,51.822,47.029
1175473,0,48.17,48.3,48.35,48.36,48.37,600,3000,400,700,200,48.09,47.93,47.87,47.86,47.85,580,200,500,1269,200,0,2870512,34955000,0,48.76,0,48.09,34955968,717628,47.69,261,48.59,,47.99,0,0,688123.SH,180622,26239,20210706,5850292,121347,51.813,47.029
1179302,0,48.17,48.3,48.35,48.36,48.37,800,3000,400,700,200,48.09,47.87,47.86,47.85,47.83,80,500,1269,200,2994,0,3817496,34958000,0,48.76,0,48.09,34958962,954374,47.69,262,48.59,,47.99,0,0,688123.SH,180822,25539,20210706,5874337,121847,51.809,47.001
1183154,0,48.09,48.16,48.17,48.3,48.35,120,400,800,3000,400,47.97,47.87,47.86,47.85,47.83,800,500,1269,200,1500,0,2054292,34961000,0,48.76,0,48.09,34961957,513573,47.69,263,48.59,,47.99,0,0,688123.SH,181342,24765,20210706,5878184,121927,51.799,46.979
1186824,0,48.15,48.16,48.17,48.3,48.35,1200,400,800,3000,400,47.97,47.87,47.86,47.85,47.83,1100,500,1269,200,1500,0,2418332,34964000,0,48.76,0,48.09,34964640,604583,47.69,263,48.59,,47.99,0,0,688123.SH,182422,25065,20210706,5878184,121927,51.777,46.991
1190673,0,48.15,48.16,48.17,48.3,48.35,1500,400,400,3000,400,47.97,47.87,47.86,47.85,47.83,1100,500,1269,200,1500,0,2794640,34967000,0,48.76,0,48.09,34967635,698660,47.69,263,48.59,,47.99,0,0,688123.SH,182322,25065,20210706,5878184,121927,51.779,46.991
1198327,0,48.15,48.16,48.17,48.3,48.35,1500,400,400,3000,400,47.97,47.87,47.86,47.85,47.83,1100,500,1269,200,1500,0,3024948,34973000,0,48.76,0,48.09,34973625,756237,47.69,263,48.59,,47.99,0,0,688123.SH,182822,25065,20210706,5878184,121927,51.771,46.991
1204634,0,48.15,48.16,48.17,48.3,48.35,1500,400,400,3000,400,47.97,47.87,47.86,47.85,47.83,900,500,1269,200,1500,0,3046988,34978000,0,48.76,0,47.97,34978182,761747,47.69,264,48.59,,47.99,0,0,688123.SH,182822,24865,20210706,5887778,122127,51.771,46.983
1208913,0,48.16,48.17,48.3,48.35,48.36,400,400,3000,400,700,48.15,47.97,47.87,47.86,47.85,700,300,500,1269,200,0,3299220,34981000,0,48.76,0,48.15,34981369,824805,47.69,268,48.59,,47.99,0,0,688123.SH,181022,25965,20210706,5960003,123627,51.804,47.022
1211283,0,48.15,48.16,48.17,48.3,48.35,2100,400,400,3000,400,47.97,47.87,47.86,47.85,47.83,300,500,769,200,1500,0,149888,34983000,0,48.76,0,48.15,34983861,37472,47.69,269,48.59,,47.99,0,0,688123.SH,183122,24765,20210706,5993708,124327,51.762,46.974
1215203,0,48.13,48.14,48.17,48.3,48.35,300,600,400,3000,400,47.97,47.87,47.86,47.85,47.83,300,500,769,200,1500,0,2302108,34986000,0,48.76,0,48.13,34986858,575527,47.69,270,48.59,,47.99,0,0,688123.SH,181522,24765,20210706,6008147,124627,51.794,46.974
1218858,0,48.14,48.17,48.3,48.35,48.36,600,400,3000,400,700,47.97,47.87,47.86,47.85,47.83,300,500,769,200,1500,0,3234596,34989000,0,48.76,0,48.13,34989788,808649,47.69,270,48.59,,47.99,0,0,688123.SH,181222,24765,20210706,6008147,124627,51.8,46.974
1222767,0,48.14,48.17,48.3,48.35,48.36,600,400,3000,400,700,47.97,47.87,47.86,47.85,47.83,300,500,769,200,1500,0,3376620,34992000,0,48.76,0,48.13,34992783,844155,47.69,270,48.59,,47.99,0,0,688123.SH,181422,24765,20210706,6008147,124627,51.797,46.974
1226782,0,48.17,48.3,48.35,48.36,48.37,400,3000,400,700,200,48.15,48.14,47.97,47.87,47.86,90,1000,300,500,769,0,3204908,34995000,0,48.76,0,48.14,34995840,801227,47.69,273,48.59,,47.99,0,0,688123.SH,191427,25855,20210706,6075535,126027,51.679,47.023
1231863,0,48.17,48.3,48.35,48.36,48.37,400,3000,400,700,200,48.15,48.14,47.97,47.87,47.85,90,1000,300,500,200,0,3365300,34999000,0,48.76,0,48.14,34999211,841325,47.69,273,48.59,,47.99,0,0,688123.SH,191427,25086,20210706,6075535,126027,51.679,46.997
1235759,0,48.08,48.17,48.3,48.35,48.36,1510,400,3000,400,700,47.97,47.87,47.85,47.83,47.78,300,500,200,1500,1300,0,3375488,35002000,0,48.76,0,48.14,35002206,843872,47.69,275,48.59,,47.99,0,0,688123.SH,192937,23996,20210706,6128009,127117,51.651,46.945
1252124,0,48.08,48.17,48.3,48.35,48.36,1510,400,3000,400,700,47.97,47.87,47.85,47.83,47.78,300,500,200,1500,1300,0,2326236,35014000,0,48.76,0,48.14,35014502,581559,47.69,275,48.59,,47.99,0,0,688123.SH,193437,23996,20210706,6128009,127117,51.646,46.945
1256144,0,48.07,48.08,48.17,48.3,48.35,700,1510,400,3000,400,47.97,47.88,47.87,47.85,47.83,300,1000,500,200,1500,0,2529704,35017000,0,48.76,0,48.14,35017556,632426,47.69,275,48.59,,47.99,0,0,688123.SH,194137,24996,20210706,6128009,127117,51.633,46.983
1259993,0,48.08,48.17,48.3,48.35,48.36,1077,400,3000,400,700,47.97,47.88,47.87,47.85,47.83,300,1000,500,200,1500,0,3387236,35020000,0,48.76,0,48.08,35020551,846809,47.69,277,48.59,,47.99,0,0,688123.SH,193004,24996,20210706,6182476,128250,51.654,46.983
1263258,0,48.08,48.17,48.3,48.35,48.36,1077,400,3000,400,700,47.92,47.89,47.88,47.87,47.85,600,1000,1300,500,200,0,3583552,35023000,0,48.76,0,48.08,35023360,895888,47.69,277,48.59,,47.99,0,0,688123.SH,193004,26596,20210706,6182476,128250,51.654,47.037
1267044,0,48.08,48.17,48.3,48.35,48.36,1077,400,3000,400,700,47.97,47.93,47.88,47.87,47.85,200,600,1300,500,200,0,3988988,35026000,0,48.76,0,48.08,35026356,997247,47.69,277,48.59,,47.99,0,0,688123.SH,193004,25796,20210706,6182476,128250,51.654,47.011
1271021,0,48.08,48.13,48.17,48.3,48.35,1077,700,400,3000,400,47.97,47.88,47.87,47.85,47.83,200,1300,500,200,1500,0,1630096,35029000,0,48.76,0,48.08,35029412,407524,47.69,277,48.59,,47.99,0,0,688123.SH,193704,25196,20210706,6182476,128250,51.641,46.989
1274806,0,48.08,48.13,48.17,48.3,48.35,1077,700,400,3000,400,47.97,47.88,47.87,47.85,47.83,1000,1300,500,200,1500,0,2002508,35032000,0,48.76,0,48.08,35032407,500627,47.69,277,48.59,,47.99,0,0,688123.SH,193704,25996,20210706,6182476,128250,51.641,47.02
1278610,0,48.07,48.08,48.13,48.17,48.3,700,1077,700,400,3000,47.97,47.88,47.87,47.85,47.83,1000,1300,500,200,1500,0,3138984,35035000,0,48.76,0,48.08,35035402,784746,47.69,277,48.59,,47.99,0,0,688123.SH,194404,25996,20210706,6182476,128250,51.629,47.02
1281346,0,48.07,48.08,48.13,48.17,48.3,700,1077,700,400,3000,47.97,47.88,47.87,47.85,47.83,1000,1300,500,200,1500,0,3024320,35037000,0,48.76,0,48.08,35038023,756080,47.69,277,48.59,,47.99,0,0,688123.SH,195404,25996,20210706,6182476,128250,51.62,47.02
1284236,0,48.07,48.08,48.13,48.17,48.3,700,1077,700,400,3000,47.97,47.88,47.87,47.85,47.83,800,1300,500,200,1500,0,2383056,35040000,0,48.76,0,48.08,35040707,595764,47.69,277,48.59,,47.99,0,0,688123.SH,195404,25796,20210706,6182476,128250,51.62,47.012
1288064,0,48.06,48.07,48.08,48.13,48.17,600,700,1077,700,400,47.97,47.88,47.87,47.85,47.83,800,1300,500,200,1500,0,2305156,35043000,0,48.76,0,48.08,35043702,576289,47.69,277,48.59,,47.99,0,0,688123.SH,196004,25796,20210706,6182476,128250,51.609,47.012
1291987,0,48.06,48.07,48.08,48.13,48.17,600,500,1077,700,400,47.97,47.88,47.87,47.85,47.83,800,1300,500,200,1500,0,305032,35046000,0,48.76,0,48.08,35046697,76258,47.69,277,48.59,,47.99,0,0,688123.SH,195804,25796,20210706,6182476,128250,51.612,47.012
1295891,0,48.04,48.05,48.06,48.07,48.08,600,200,600,500,1077,47.97,47.88,47.87,47.85,47.83,1083,1300,500,200,1500,0,2759480,35049000,0,48.76,0,47.97,35049692,689870,47.69,278,48.59,,47.99,0,0,688123.SH,196604,26079,20210706,6220852,129050,51.598,47.023
1299787,0,48.04,48.05,48.06,48.08,48.13,1100,200,600,1077,700,47.88,47.87,47.85,47.83,47.78,583,500,200,1500,1300,0,2759900,35052000,0,48.76,0,47.88,35052687,689975,47.69,280,48.59,,47.99,0,0,688123.SH,196604,24279,20210706,6307134,130850,51.598,46.955
1306089,0,48.0,48.04,48.05,48.06,48.08,800,500,200,600,1077,47.88,47.87,47.85,47.83,47.78,583,500,200,1500,1300,0,3403732,35056000,0,48.76,0,47.88,35056494,850933,47.69,280,48.59,,47.99,0,0,688123.SH,196804,24279,20210706,6307134,130850,51.594,46.955
1309778,0,47.98,48.0,48.04,48.05,48.08,1000,300,500,200,1077,47.88,47.87,47.85,47.83,47.78,583,500,200,1500,1300,0,879664,35059000,0,48.76,0,47.88,35059427,219916,47.69,280,48.59,,47.99,0,0,688123.SH,196704,24279,20210706,6307134,130850,51.596,46.955
1313564,0,47.98,48.0,48.04,48.08,48.13,1000,300,500,1077,700,47.88,47.87,47.85,47.83,47.78,583,500,200,1500,1300,0,741480,35062000,0,48.76,0,47.88,35062422,185370,47.69,280,48.59,,47.99,0,0,688123.SH,196504,24580,20210706,6307134,130850,51.599,46.961
1317410,0,47.97,47.98,48.04,48.08,48.13,200,1000,500,1077,700,47.88,47.87,47.85,47.83,47.78,83,500,200,1500,1300,0,3794928,35065000,0,48.76,0,47.88,35065417,948732,47.69,282,48.59,,47.99,0,0,688123.SH,196404,24080,20210706,6331074,131350,51.601,46.942
1320716,0,47.95,47.97,48.04,48.08,48.13,1000,400,500,1077,700,47.88,47.87,47.85,47.83,47.78,83,500,200,1500,1300,0,3256156,35068000,0,48.76,0,47.88,35068229,814039,47.69,282,48.59,,47.99,0,0,688123.SH,196604,24080,20210706,6331074,131350,51.597,46.942
1324723,0,47.95,47.97,48.08,48.13,48.17,1500,400,1077,700,400,47.88,47.87,47.85,47.83,47.78,83,500,200,1500,1300,0,3825228,35071000,0,48.76,0,47.88,35071282,956307,47.69,282,48.59,,47.99,0,0,688123.SH,196604,24080,20210706,6331074,131350,51.597,46.942
1329516,0,48.08,48.13,48.17,48.3,48.35,1077,700,400,3000,400,48.07,47.88,47.87,47.85,47.83,3100,83,500,200,1500,0,2843996,35074000,0,48.76,0,47.97,35074964,710999,47.69,286,48.59,,47.99,0,0,688123.SH,194704,27180,20210706,6422187,133250,51.633,47.071
1333391,0,47.97,48.06,48.07,48.08,48.13,800,1000,3000,1077,700,47.88,47.87,47.85,47.83,47.78,83,500,200,1500,1300,0,763244,35077000,0,48.76,0,48.07,35078022,190811,47.69,288,48.59,,47.99,0,0,688123.SH,199504,24080,20210706,6571204,136350,51.546,46.942
1337213,0,47.95,48.08,48.13,48.17,48.3,700,1077,700,400,3000,47.88,47.87,47.85,47.83,47.78,83,500,200,1500,1300,0,2841472,35080000,0,48.76,0,47.95,35080954,710368,47.69,289,48.59,,47.99,0,0,688123.SH,195404,24080,20210706,6585589,136650,51.619,46.942
1341020,0,47.88,47.95,48.08,48.13,48.17,117,700,1077,700,400,47.87,47.85,47.83,47.78,47.77,500,200,1500,1300,500,0,602624,35083000,0,48.76,0,47.88,35084013,150656,47.69,290,48.59,,47.99,0,0,688123.SH,195521,23997,20210706,6589563,136733,51.617,46.939
1344835,0,47.86,47.97,47.99,48.08,48.13,317,800,4000,1077,700,47.85,47.83,47.78,47.77,47.76,200,1500,1300,500,500,0,2013788,35086000,0,48.76,0,47.87,35086944,503447,47.69,298,48.59,,47.99,0,0,688123.SH,199821,23497,20210706,6661378,138233,51.539,46.919
1348659,0,47.99,48.08,48.13,48.17,48.3,800,1077,700,400,3000,47.88,47.85,47.83,47.78,47.77,683,200,1500,1300,500,0,445308,35089000,0,48.76,0,47.86,35090003,111327,47.69,300,48.59,,47.99,0,0,688123.SH,195504,24595,20210706,6676550,138550,51.618,46.954
1352461,0,47.94,47.97,48.08,48.13,48.17,600,6000,1077,700,400,47.83,47.78,47.77,47.76,47.75,1500,1300,500,500,200,0,376372,35092000,0,48.76,0,47.94,35092998,94093,47.69,304,48.59,,47.99,0,0,688123.SH,201304,23712,20210706,6734007,139750,51.512,46.92
1356954,0,47.92,48.13,48.17,48.3,48.35,1000,700,400,3000,400,47.83,47.78,47.77,47.76,47.75,1500,1300,500,500,200,0,3507560,35097000,0,48.76,0,47.94,35097494,876890,47.69,304,48.59,,47.99,0,0,688123.SH,194627,23712,20210706,6734007,139750,51.633,46.92
1364083,0,47.91,47.92,48.13,48.17,48.3,200,1000,700,400,3000,47.83,47.78,47.77,47.76,47.75,1500,1300,500,500,200,0,2753884,35102000,0,48.76,0,47.94,35102857,688471,47.69,304,48.59,,47.99,0,0,688123.SH,194827,23712,20210706,6734007,139750,51.629,46.92
1367957,0,47.89,47.91,48.13,48.17,48.3,1000,200,700,400,3000,47.83,47.78,47.77,47.76,47.75,1500,1300,500,500,200,0,650028,35105000,0,48.76,0,47.94,35105854,162507,47.69,304,48.59,,47.99,0,0,688123.SH,195227,23712,20210706,6734007,139750,51.628,46.92
1375656,0,48.13,48.17,48.3,48.35,48.36,700,400,3000,400,700,47.92,47.83,47.78,47.77,47.76,323,1500,1300,500,500,0,2099548,35111000,0,48.76,0,47.91,35111596,524887,47.69,306,48.59,,47.99,0,0,688123.SH,194027,24035,20210706,6791479,140950,51.651,46.933
1379541,0,48.11,48.12,48.13,48.17,48.3,1000,2800,700,400,3000,47.84,47.83,47.78,47.77,47.76,400,1500,1300,500,500,0,1538804,35114000,0,48.76,0,47.92,35114590,384701,47.69,308,48.59,,47.99,0,0,688123.SH,197827,24112,20210706,6806957,141273,51.583,46.935
1383323,0,47.98,48.1,48.11,48.12,48.13,600,1000,1000,200,700,47.84,47.83,47.78,47.77,47.76,400,1500,1300,500,500,0,445700,35117000,0,48.76,0,47.92,35117273,111425,47.69,308,48.59,,47.99,0,0,688123.SH,196827,24112,20210706,6806957,141273,51.6,46.935
1387183,0,47.96,48.12,48.13,48.17,48.3,1000,200,700,400,3000,47.84,47.83,47.78,47.77,47.76,400,1500,1300,500,500,0,606820,35120000,0,48.76,0,47.92,35120269,151705,47.69,308,48.59,,47.99,0,0,688123.SH,195227,24112,20210706,6806957,141273,51.628,46.935
1391059,0,47.95,47.96,48.12,48.13,48.17,200,1000,200,700,400,47.85,47.84,47.83,47.78,47.77,233,400,1500,1300,500,0,2535820,35123000,0,48.76,0,47.92,35123265,633955,47.69,308,48.59,,47.99,0,0,688123.SH,195427,24345,20210706,6806957,141273,51.624,46.944
1394932,0,47.93,47.95,48.09,48.13,48.17,1000,200,1000,700,400,47.85,47.84,47.83,47.78,47.77,702,400,1500,1300,500,0,3394128,35126000,0,48.76,0,47.92,35126261,848532,47.69,308,48.59,,47.99,0,0,688123.SH,196227,24814,20210706,6806957,141273,51.61,46.961
1398779,0,47.93,47.95,48.09,48.13,48.17,1000,200,1000,700,400,47.85,47.84,47.83,47.78,47.77,702,200,1500,1300,500,0,3962820,35129000,0,48.76,0,47.92,35129314,990705,47.69,308,48.59,,47.99,0,0,688123.SH,196227,24414,20210706,6806957,141273,51.61,46.948
1402626,0,47.85,47.93,47.95,48.09,48.13,1529,1000,200,1000,700,47.84,47.83,47.78,47.77,47.76,200,1500,1300,500,500,0,316524,35132000,0,48.76,0,47.85,35132310,79131,47.69,311,48.59,,47.99,0,0,688123.SH,197756,23712,20210706,6850120,142175,51.581,46.921
1406463,0,47.83,47.85,47.95,48.09,48.13,570,1529,200,1000,700,47.78,47.77,47.76,47.75,47.72,1300,500,500,200,131,0,1603988,35135000,0,48.76,0,47.83,35135246,400997,47.69,315,48.59,,47.99,0,0,688123.SH,197326,22012,20210706,6931433,143875,51.588,46.851
1414324,0,47.83,47.85,47.95,48.09,48.13,570,1529,200,1000,700,47.78,47.77,47.76,47.75,47.72,300,500,500,200,131,0,1154576,35141000,0,48.76,0,47.83,35141919,288644,47.69,315,48.59,,47.99,0,0,688123.SH,197326,21012,20210706,6931433,143875,51.588,46.807
1418136,0,47.78,47.83,47.85,47.95,48.09,200,570,1529,200,1000,47.77,47.76,47.75,47.72,47.7,500,500,200,131,401,0,2088188,35144000,0,48.76,0,47.78,35144977,522047,47.69,316,48.59,,47.99,0,0,688123.SH,197526,20712,20210706,6945767,144175,51.585,46.793
1421808,0,47.85,47.95,48.09,48.13,48.17,1529,200,1000,700,400,47.76,47.75,47.72,47.7,47.66,500,200,131,401,1000,0,2236772,35147000,0,48.76,0,47.77,35147599,559193,47.69,318,48.59,,47.99,0,0,688123.SH,196756,20212,20210706,6979208,144875,51.599,46.769
1425620,0,47.76,47.83,47.85,47.95,48.09,100,1000,1529,200,1000,47.75,47.72,47.7,47.66,47.62,200,131,401,1000,200,0,1453004,35150000,0,48.76,0,47.76,35150596,363251,47.69,319,48.59,,47.99,0,0,688123.SH,197856,19712,20210706,7003088,145375,51.578,46.743
1429430,0,47.74,47.85,47.95,48.09,48.13,1000,1529,200,1000,700,47.72,47.7,47.66,47.62,47.6,124,401,1000,200,400,0,1500232,35153000,0,48.76,0,47.72,35153590,375058,47.69,321,48.59,,47.99,0,0,688123.SH,197756,19505,20210706,7012972,145582,51.58,46.733
1433117,0,47.74,47.85,47.95,48.09,48.13,500,1529,200,1000,700,47.72,47.7,47.66,47.62,47.6,124,401,1000,200,400,0,1157972,35156000,0,48.76,0,47.74,35156271,289493,47.69,322,48.59,,47.99,0,0,688123.SH,197256,19505,20210706,7036842,146082,51.59,46.733
1444372,0,47.74,47.85,47.95,48.09,48.13,300,1529,200,1000,700,47.72,47.7,47.66,47.62,47.6,124,401,1000,200,400,0,957468,35164000,0,48.76,0,47.74,35164704,239367,47.69,323,48.59,,47.99,0,0,688123.SH,197056,19505,20210706,7046390,146282,51.593,46.733
1448444,0,47.74,47.85,47.95,48.09,48.13,100,1529,200,1000,700,47.72,47.7,47.66,47.62,47.6,124,401,1000,200,400,0,3459480,35167000,0,48.76,0,47.74,35167940,864870,47.69,324,48.59,,47.99,0,0,688123.SH,196856,19505,20210706,7055938,146482,51.597,46.733
1452537,0,47.85,47.95,48.09,48.13,48.17,1056,200,1000,700,400,47.75,47.74,47.73,47.72,47.7,504,300,200,804,401,0,800096,35170000,0,48.76,0,47.85,35170936,200024,47.69,327,48.59,,47.99,0,0,688123.SH,196283,21389,20210706,7087929,147151,51.608,46.805
1456379,0,47.85,47.95,48.09,48.13,48.17,1056,200,1000,700,400,47.76,47.75,47.74,47.72,47.7,200,804,200,804,401,0,1356080,35173000,0,48.76,0,47.85,35173621,339020,47.69,327,48.59,,47.99,0,0,688123.SH,196283,21589,20210706,7087929,147151,51.608,46.814
1464375,0,47.85,47.95,48.09,48.13,48.17,1056,200,1000,700,400,47.76,47.75,47.74,47.72,47.7,200,804,200,804,401,0,878868,35180000,0,48.76,0,47.85,35180737,219717,47.69,327,48.59,,47.99,0,0,688123.SH,196283,22589,20210706,7087929,147151,51.608,46.848
1480673,0,47.85,47.95,48.09,48.13,48.17,1056,200,1000,700,400,47.76,47.75,47.74,47.72,47.7,200,804,200,124,401,0,1874272,35193000,0,48.76,0,47.85,35193713,468568,47.69,327,48.59,,47.99,0,0,688123.SH,196283,21909,20210706,7087929,147151,51.608,46.821
1484504,0,47.85,47.95,48.09,48.13,48.17,1056,200,1000,700,400,47.76,47.75,47.74,47.72,47.7,200,804,200,124,401,0,1858504,35196000,0,48.76,0,47.85,35196708,464626,47.69,327,48.59,,47.99,0,0,688123.SH,196283,22509,20210706,7087929,147151,51.608,46.836
1488298,0,47.85,47.95,48.09,48.13,48.17,1056,200,1000,700,400,47.76,47.75,47.74,47.72,47.7,200,804,200,124,401,0,3616396,35199000,0,48.76,0,47.85,35199702,904099,47.69,327,48.59,,47.99,0,0,688123.SH,196283,22809,20210706,7087929,147151,51.608,46.838
1492080,0,47.85,47.95,48.09,48.13,48.17,377,200,1000,700,400,47.76,47.75,47.74,47.72,47.7,200,804,200,124,401,0,2739740,35202000,0,48.76,0,47.85,35202697,684935,47.69,328,48.59,,47.99,0,0,688123.SH,195604,22809,20210706,7120419,147830,51.621,46.838
1495875,0,47.85,47.95,48.09,48.13,48.17,177,200,1000,700,400,47.79,47.76,47.75,47.74,47.72,800,200,804,200,124,0,1505800,35205000,0,48.76,0,47.85,35205693,376450,47.69,329,48.59,,47.99,0,0,688123.SH,195404,23609,20210706,7129989,148030,51.625,46.87
1499796,0,47.81,47.95,48.09,48.13,48.17,177,200,1000,700,400,47.8,47.75,47.72,47.7,47.66,200,804,124,401,1000,0,1494240,35208000,0,48.76,0,47.85,35208751,373560,47.69,332,48.59,,47.99,0,0,688123.SH,195404,22609,20210706,7149129,148430,51.625,46.831
1503563,0,47.95,48.09,48.13,48.17,48.3,200,1000,700,400,3000,47.81,47.8,47.75,47.72,47.7,23,200,804,124,401,0,3709172,35211000,0,48.76,0,47.94,35211746,927293,47.69,334,48.59,,47.99,0,0,688123.SH,195227,22632,20210706,7167179,148807,51.629,46.832
1507302,0,47.95,48.09,48.13,48.17,48.3,400,1000,700,400,3000,47.82,47.75,47.72,47.7,47.66,200,27,124,401,1000,0,1287096,35214000,0,48.76,0,47.75,35214742,321774,47.69,339,48.59,,47.99,0,0,688123.SH,195627,21832,20210706,7214945,149807,51.622,46.798
1511220,0,47.95,48.09,48.13,48.17,48.3,400,1000,700,400,3000,47.85,47.82,47.75,47.72,47.7,500,200,27,124,401,0,2861336,35217000,0,48.76,0,47.75,35217799,715334,47.69,339,48.59,,47.99,0,0,688123.SH,195627,22332,20210706,7214945,149807,51.622,46.822
1517916,0,47.95,48.09,48.13,48.17,48.29,400,1000,700,400,1263,47.85,47.82,47.75,47.72,47.7,500,200,27,124,401,0,1495552,35222000,0,48.76,0,47.75,35223041,373888,47.69,339,48.59,,47.99,0,0,688123.SH,196890,22332,20210706,7214945,149807,51.6,46.822
1525508,0,47.95,48.09,48.13,48.17,48.29,400,1000,700,400,1263,47.85,47.82,47.75,47.72,47.7,500,200,27,124,401,0,2224900,35228000,0,48.76,0,47.75,35229030,556225,47.69,339,48.59,,47.99,0,0,688123.SH,198890,22332,20210706,7214945,149807,51.571,46.822
1529352,0,47.95,48.09,48.13,48.17,48.29,400,1000,700,400,1263,47.85,47.82,47.72,47.7,47.66,500,200,124,401,1000,0,2294304,35231000,0,48.76,0,47.75,35232025,573576,47.69,339,48.59,,47.99,0,0,688123.SH,198890,22305,20210706,7214945,149807,51.571,46.82
1533209,0,47.95,48.09,48.13,48.17,48.29,400,1000,700,400,1263,47.86,47.85,47.72,47.7,47.66,200,500,124,401,1000,0,3124768,35234000,0,48.76,0,47.75,35235021,781192,47.69,339,48.59,,47.99,0,0,688123.SH,198890,22305,20210706,7214945,149807,51.571,46.821
1537032,0,47.95,48.09,48.13,48.17,48.29,400,1000,700,400,1263,47.86,47.85,47.72,47.7,47.69,200,500,124,401,600,0,1193972,35237000,0,48.76,0,47.75,35238018,298493,47.69,339,48.59,,47.99,0,0,688123.SH,203890,22905,20210706,7214945,149807,51.544,46.844
1541923,0,47.95,48.09,48.13,48.17,48.29,400,1000,700,400,1263,47.86,47.85,47.72,47.7,47.69,200,500,124,401,600,0,3034036,35241000,0,48.76,0,47.75,35241827,758509,47.69,339,48.59,,47.99,0,0,688123.SH,204090,22905,20210706,7214945,149807,51.541,46.844
1545742,0,47.86,47.95,48.09,48.13,48.17,100,200,1000,700,400,47.85,47.72,47.7,47.69,47.66,500,124,401,600,1000,0,1538164,35244000,0,48.76,0,47.86,35244821,384541,47.69,341,48.59,,47.99,0,0,688123.SH,203990,22705,20210706,7234107,150207,51.543,46.835
1549710,0,48.03,48.05,48.09,48.13,48.17,800,5000,1000,700,400,47.86,47.85,47.72,47.7,47.69,300,500,124,401,600,0,3718456,35247000,0,48.76,0,47.95,35247879,929614,47.69,343,48.59,,47.99,0,0,688123.SH,209490,23005,20210706,7248483,150507,51.451,46.848
1555292,0,48.01,48.02,48.09,48.13,48.17,5561,800,1000,700,400,47.86,47.85,47.72,47.7,47.69,300,500,124,401,600,0,3315876,35251000,0,48.76,0,47.95,35251432,828969,47.69,343,48.59,,47.99,0,0,688123.SH,210051,23005,20210706,7248483,150507,51.441,46.848
1559249,0,48.0,48.01,48.09,48.13,48.17,5400,4761,1000,700,400,47.86,47.85,47.72,47.7,47.69,300,500,124,401,600,0,1052556,35254000,0,48.76,0,47.95,35254491,263139,47.69,343,48.59,,47.99,0,0,688123.SH,213851,23005,20210706,7248483,150507,51.38,46.848
1562979,0,47.99,48.0,48.09,48.13,48.17,13122,5400,1000,700,400,47.86,47.85,47.72,47.7,47.69,100,500,124,401,600,0,1925524,35257000,0,48.76,0,47.95,35257486,481381,47.69,343,48.59,,47.99,0,0,688123.SH,224212,22805,20210706,7248483,150507,51.237,46.839
1566762,0,47.98,47.99,48.09,48.13,48.17,4000,13122,1000,700,400,47.86,47.85,47.72,47.7,47.69,300,500,124,401,600,0,1233528,35260000,0,48.76,0,47.95,35260482,308382,47.69,343,48.59,,47.99,0,0,688123.SH,222812,23005,20210706,7248483,150507,51.257,46.848
1570480,0,47.97,48.09,48.13,48.17,48.29,200,1000,700,400,1263,47.86,47.85,47.72,47.7,47.69,100,500,124,401,600,0,1442424,35263000,0,48.76,0,47.86,35263477,360606,47.69,345,48.59,,47.99,0,0,688123.SH,205890,22805,20210706,7258055,150707,51.526,46.839
1574225,0,47.99,48.08,48.09,48.13,48.17,800,6955,1000,700,400,47.86,47.85,47.72,47.7,47.69,100,500,124,401,600,0,1975776,35266000,0,48.76,0,47.86,35266472,493944,47.69,345,48.59,,47.99,0,0,688123.SH,213445,22805,20210706,7258055,150707,51.404,46.839
1578010,0,47.98,48.09,48.13,48.17,48.29,1600,1000,700,400,1263,47.86,47.85,47.72,47.7,47.69,100,500,124,401,600,0,101988,35269000,0,48.76,0,47.86,35269467,25497,47.69,345,48.59,,47.99,0,0,688123.SH,207290,22805,20210706,7258055,150707,51.502,46.839
1581812,0,48.04,48.05,48.09,48.13,48.17,800,4780,1000,700,400,47.97,47.86,47.85,47.72,47.7,500,100,500,124,401,0,2306196,35272000,0,48.76,0,47.86,35272462,576549,47.69,345,48.59,,47.99,0,0,688123.SH,211270,23305,20210706,7258055,150707,51.437,46.863
1585619,0,47.99,48.01,48.03,48.09,48.13,800,3980,800,1000,700,47.86,47.85,47.72,47.7,47.69,100,500,124,401,600,0,3346664,35275000,0,48.76,0,47.97,35275457,836666,47.69,346,48.59,,47.99,0,0,688123.SH,211270,22805,20210706,7282040,151207,51.436,46.839
1589157,0,47.98,48.09,48.13,48.17,48.29,200,4780,700,400,1263,47.87,47.86,47.85,47.72,47.7,600,100,500,124,401,0,116408,35278000,0,48.76,0,48.1,35278390,29102,47.69,352,48.59,,47.99,0,0,688123.SH,209670,23405,20210706,7421432,154107,51.464,46.866
1592652,0,47.97,47.99,48.13,48.17,48.29,200,1000,700,400,1263,47.88,47.86,47.85,47.72,47.7,200,100,500,124,401,0,3825800,35280000,0,48.76,0,48.1,35281386,956450,47.69,352,48.59,,47.99,0,0,688123.SH,205890,23005,20210706,7421432,154107,51.525,46.848
1601109,0,47.97,47.99,48.13,48.17,48.29,200,1000,700,400,1263,47.88,47.86,47.85,47.72,47.7,200,100,500,124,801,0,1256460,35287000,0,48.76,0,48.1,35287687,314115,47.69,352,48.59,,47.99,0,0,688123.SH,205890,23405,20210706,7421432,154107,51.525,46.863
1613133,0,47.97,47.99,48.13,48.17,48.29,200,1000,700,400,1263,47.88,47.86,47.85,47.72,47.71,200,100,500,124,600,0,3997504,35298000,0,48.76,0,48.1,35298233,999376,47.69,352,48.59,,47.99,0,0,688123.SH,205890,24005,20210706,7421432,154107,51.525,46.884
1616924,0,47.99,48.13,48.17,48.29,48.3,1000,700,400,1263,3000,47.91,47.9,47.88,47.86,47.85,200,600,200,100,500,0,1215564,35301000,0,48.76,0,47.97,35301228,303891,47.69,353,48.59,,47.99,0,0,688123.SH,205690,24805,20210706,7431026,154307,51.529,46.917
1620728,0,47.99,48.13,48.17,48.29,48.3,1000,700,400,1263,3000,47.93,47.91,47.88,47.86,47.85,600,500,200,100,500,0,3447672,35304000,0,48.76,0,47.97,35304223,861918,47.69,353,48.59,,47.99,0,0,688123.SH,205690,25105,20210706,7431026,154307,51.529,46.929
1624489,0,47.99,48.13,48.17,48.29,48.3,1000,700,400,1263,3000,47.94,47.91,47.86,47.85,47.72,200,500,100,500,124,0,848224,35307000,0,48.76,0,47.97,35307219,212056,47.69,353,48.59,,47.99,0,0,688123.SH,205690,24505,20210706,7431026,154307,51.529,46.905
1628231,0,47.99,48.13,48.17,48.29,48.3,1000,700,400,1263,3000,47.91,47.86,47.85,47.72,47.71,500,100,500,124,600,0,1568308,35310000,0,48.76,0,47.97,35310214,392077,47.69,353,48.59,,47.99,0,0,688123.SH,205890,24305,20210706,7431026,154307,51.527,46.897
1631962,0,47.99,48.13,48.17,48.29,48.3,1000,700,400,1263,3000,47.92,47.91,47.86,47.85,47.72,200,500,500,500,124,0,2225764,35313000,0,48.76,0,47.97,35313209,556441,47.69,353,48.59,,47.99,0,0,688123.SH,205890,24905,20210706,7431026,154307,51.527,46.921
1635704,0,47.99,48.13,48.17,48.29,48.3,1000,700,400,1263,3000,47.93,47.92,47.91,47.86,47.85,600,200,500,500,500,0,2695448,35316000,0,48.76,0,47.97,35316203,673862,47.69,353,48.59,,47.99,0,0,688123.SH,205890,25505,20210706,7431026,154307,51.527,46.944
1639404,0,47.99,48.13,48.17,48.29,48.3,800,700,400,1263,3000,47.95,47.94,47.91,47.86,47.85,600,200,500,500,500,0,1251332,35319000,0,48.76,0,47.99,35319199,312833,47.69,354,48.59,,47.99,0,0,688123.SH,205690,25505,20210706,7440624,154507,51.53,46.945
1643109,0,47.99,48.13,48.17,48.29,48.3,600,700,400,1263,3000,47.95,47.91,47.86,47.85,47.72,600,500,500,500,124,0,2835180,35322000,0,48.76,0,47.99,35322194,708795,47.69,355,48.59,,47.99,0,0,688123.SH,205490,25305,20210706,7450222,154707,51.534,46.937
1646804,0,48.12,48.13,48.17,48.29,48.3,600,700,400,1263,3000,47.99,47.96,47.91,47.86,47.85,440,200,500,500,500,0,811876,35325000,0,48.76,0,47.99,35325252,202969,47.69,358,48.59,,47.99,0,0,688123.SH,205490,25345,20210706,7479016,155307,51.534,46.939
1650498,0,48.12,48.13,48.17,48.29,48.3,600,700,400,1263,3000,48.0,47.91,47.86,47.85,47.72,200,500,500,500,124,0,3015100,35328000,0,48.76,0,47.99,35328247,753775,47.69,358,48.59,,47.99,0,0,688123.SH,205490,24905,20210706,7479016,155307,51.534,46.921
1660980,0,48.12,48.13,48.17,48.29,48.3,600,700,400,1263,3000,48.0,47.91,47.86,47.85,47.72,200,500,500,500,124,0,1830488,35335000,0,48.76,0,47.99,35335612,457622,47.69,358,48.59,,47.99,0,0,688123.SH,205490,25952,20210706,7479016,155307,51.534,46.952
1664691,0,48.13,48.17,48.29,48.3,48.34,700,400,1263,3000,200,48.0,47.91,47.86,47.85,47.72,200,500,500,500,124,0,99956,35338000,0,48.76,0,47.99,35338608,24989,47.69,358,48.59,,47.99,0,0,688123.SH,204890,25952,20210706,7479016,155307,51.544,46.952
1667877,0,48.13,48.17,48.29,48.3,48.34,700,400,1263,3000,200,48.02,48.01,48.0,47.91,47.86,400,200,200,500,500,0,1627216,35341000,0,48.76,0,47.99,35341416,406804,47.69,358,48.59,,47.99,0,0,688123.SH,204890,26552,20210706,7479016,155307,51.544,46.976
1668564,0,48.13,48.17,48.29,48.3,48.34,700,400,1263,3000,200,48.02,48.01,48.0,47.91,47.86,180,200,200,500,500,0,2865076,35342000,0,48.76,0,48.02,35342162,716269,47.69,359,48.59,,47.99,0,0,688123.SH,204890,26332,20210706,7489580,155527,51.544,46.968
1683866,0,48.1,48.13,48.17,48.29,48.3,1000,700,400,1263,3000,48.02,48.01,48.0,47.91,47.86,180,200,200,500,500,0,2926660,35354000,0,48.76,0,48.02,35354954,731665,47.69,359,48.59,,47.99,0,0,688123.SH,205890,26332,20210706,7489580,155527,51.527,46.968
1687674,0,48.1,48.13,48.17,48.29,48.3,1000,700,400,1263,3000,48.02,47.91,47.86,47.85,47.72,180,500,500,500,124,0,2044436,35357000,0,48.76,0,48.02,35357949,511109,47.69,359,48.59,,47.99,0,0,688123.SH,205890,25932,20210706,7489580,155527,51.527,46.952
1691454,0,48.1,48.13,48.17,48.29,48.3,1000,700,400,1263,3000,47.91,47.86,47.85,47.72,47.71,480,500,500,124,600,0,1420440,35360000,0,48.76,0,47.91,35361008,355110,47.69,361,48.59,,47.99,0,0,688123.SH,205890,25732,20210706,7499182,155727,51.527,46.943
1697841,0,48.1,48.13,48.17,48.29,48.3,1000,700,400,1463,3000,47.92,47.91,47.86,47.85,47.72,1000,180,500,500,1124,0,661344,35365000,0,48.76,0,47.91,35365314,165336,47.69,361,48.59,,47.99,0,0,688123.SH,206090,27432,20210706,7499182,155727,51.524,46.997
1701604,0,48.02,48.1,48.13,48.17,48.29,200,1000,700,400,1463,47.92,47.91,47.86,47.85,47.72,1000,180,500,500,1124,0,2375548,35368000,0,48.76,0,47.91,35368318,593887,47.69,361,48.59,,47.99,0,0,688123.SH,206290,27432,20210706,7499182,155727,51.521,46.997
1713898,0,48.02,48.1,48.13,48.17,48.29,200,1000,700,400,1463,47.92,47.91,47.86,47.85,47.72,1000,817,500,500,1124,0,1591828,35378000,0,48.76,0,47.91,35378791,397957,47.69,361,48.59,,47.99,0,0,688123.SH,206290,28069,20210706,7499182,155727,51.521,47.017
1717673,0,48.02,48.1,48.13,48.17,48.29,200,1000,700,400,1463,47.92,47.91,47.86,47.85,47.72,1000,817,500,500,1124,0,2980344,35381000,0,48.76,0,47.91,35381786,745086,47.69,361,48.59,,47.99,0,0,688123.SH,206290,29769,20210706,7499182,155727,51.521,46.798
1721717,0,48.1,48.13,48.17,48.29,48.3,900,700,400,1463,3000,47.92,47.91,47.86,47.85,47.72,1000,817,500,500,1124,0,1882612,35385000,0,48.76,0,48.1,35385347,470653,47.69,363,48.59,,47.99,0,0,688123.SH,205990,29769,20210706,7513596,156027,51.526,46.798
1725998,0,48.1,48.13,48.17,48.29,48.3,900,700,400,1463,3000,47.93,47.92,47.91,47.86,47.85,600,1000,817,500,500,0,2130280,35388000,0,48.76,0,48.1,35388717,532570,47.69,363,48.59,,47.99,0,0,688123.SH,205990,30369,20210706,7513596,156027,51.526,46.821
1729830,0,48.0,48.1,48.13,48.17,48.29,450,900,700,400,1463,47.96,47.93,47.91,47.86,47.85,800,600,817,500,500,0,846548,35391000,0,48.76,0,48.1,35391772,211637,47.69,363,48.59,,47.99,0,0,688123.SH,206440,30169,20210706,7513596,156027,51.518,46.814
1733496,0,48.1,48.13,48.17,48.29,48.3,900,700,400,1463,3000,48.0,47.93,47.91,47.86,47.85,200,600,817,500,500,0,1651152,35394000,0,48.76,0,48.0,35394770,412788,47.69,365,48.59,,47.99,0,0,688123.SH,205990,29569,20210706,7535196,156477,51.526,46.791
1740612,0,48.0,48.1,48.13,48.17,48.29,1800,900,700,400,1463,47.93,47.91,47.86,47.85,47.72,600,817,500,500,1124,0,832044,35400000,0,48.76,0,48.0,35400632,208011,47.69,366,48.59,,47.99,0,0,688123.SH,207790,29369,20210706,7544796,156677,51.495,46.783
1743967,0,48.0,48.1,48.13,48.17,48.29,3999,900,700,400,1463,47.93,47.91,47.86,47.85,47.72,600,817,500,500,1124,0,639988,35403000,0,48.76,0,48.0,35403315,159997,47.69,366,48.59,,47.99,0,0,688123.SH,209989,29369,20210706,7544796,156677,51.459,46.783
1747495,0,48.0,48.1,48.13,48.17,48.29,4399,900,700,400,1463,47.93,47.91,47.86,47.85,47.72,600,817,500,500,1124,0,1048344,35405000,0,48.76,0,48.0,35405936,262086,47.69,366,48.59,,47.99,0,0,688123.SH,210389,29569,20210706,7544796,156677,51.452,46.789
1751262,0,48.0,48.1,48.13,48.17,48.29,4199,900,700,400,1463,47.93,47.91,47.86,47.85,47.72,600,817,500,500,1124,0,946088,35408000,0,48.76,0,48.0,35408931,236522,47.69,367,48.59,,47.99,0,0,688123.SH,210189,29569,20210706,7554396,156877,51.456,46.789
1756910,0,48.0,48.09,48.1,48.13,48.17,4199,350,900,700,400,47.93,47.91,47.86,47.85,47.72,800,817,500,500,1124,0,363164,35412000,0,48.76,0,48.0,35413050,90791,47.69,367,48.59,,47.99,0,0,688123.SH,210539,29769,20210706,7554396,156877,51.45,46.797
1760725,0,48.09,48.1,48.13,48.17,48.29,350,900,700,400,1463,47.95,47.93,47.91,47.86,47.85,800,800,817,500,500,0,2449304,35415000,0,48.76,0,48.0,35416045,612326,47.69,373,48.59,,47.99,0,0,688123.SH,206340,30569,20210706,7755948,161076,51.52,46.827
1773911,0,48.09,48.1,48.13,48.17,48.29,350,900,700,400,1463,48.0,47.95,47.93,47.91,47.86,200,800,800,817,500,0,662004,35426000,0,48.76,0,48.0,35426403,165501,47.69,373,48.59,,47.99,0,0,688123.SH,206340,30769,20210706,7755948,161076,51.52,46.835
1777683,0,48.09,48.1,48.13,48.17,48.29,350,900,700,400,1463,48.0,47.94,47.93,47.91,47.86,200,1000,800,817,500,0,2673936,35429000,0,48.76,0,48.0,35429397,668484,47.69,373,48.59,,47.99,0,0,688123.SH,206340,30969,20210706,7755948,161076,51.52,46.842
1781444,0,48.09,48.1,48.13,48.16,48.17,350,900,700,200,400,48.0,47.94,47.93,47.91,47.86,200,1000,800,817,500,0,1065992,35432000,0,48.76,0,48.0,35432393,266498,47.69,373,48.59,,47.99,0,0,688123.SH,206540,30969,20210706,7755948,161076,51.517,46.842
1785226,0,48.1,48.13,48.16,48.17,48.29,900,700,200,400,1463,48.09,48.01,48.0,47.94,47.93,850,200,200,1000,800,0,2231688,35435000,0,48.76,0,48.09,35435388,557922,47.69,375,48.59,,47.99,0,0,688123.SH,206190,32019,20210706,7772779,161426,51.523,46.882
1788955,0,48.1,48.13,48.16,48.17,48.29,684,700,200,400,1463,48.09,48.0,47.94,47.93,47.91,850,200,1000,800,817,0,3225124,35438000,0,48.76,0,48.1,35438383,806281,47.69,376,48.59,,47.99,0,0,688123.SH,205974,31819,20210706,7783169,161642,51.526,46.875
1792721,0,48.0,48.1,48.13,48.16,48.17,950,684,700,200,400,47.95,47.94,47.93,47.91,47.86,800,1300,800,817,500,0,2919840,35441000,0,48.76,0,48.0,35441378,729960,47.69,378,48.59,,47.99,0,0,688123.SH,207224,31869,20210706,7833646,162692,51.506,46.873
1796437,0,48.1,48.13,48.17,48.29,48.3,684,700,400,1463,3000,48.01,48.0,47.94,47.93,47.91,800,1350,1300,800,817,0,3167252,35444000,0,48.76,0,48.0,35444373,791813,47.69,379,48.59,,47.99,0,0,688123.SH,206074,33219,20210706,7879246,163642,51.525,46.92
1800093,0,48.1,48.13,48.17,48.29,48.3,684,700,400,1463,3000,48.01,47.94,47.93,47.91,47.86,800,1300,800,817,500,0,3275444,35446000,0,48.76,0,48.0,35447057,818861,47.69,379,48.59,,47.99,0,0,688123.SH,206074,31869,20210706,7879246,163642,51.525,46.874
1806215,0,48.1,48.13,48.17,48.29,48.3,684,700,400,1463,3000,48.01,47.94,47.93,47.91,47.86,800,1300,800,817,500,0,1758640,35452000,0,48.76,0,48.0,35452174,439660,47.69,379,48.59,,47.99,0,0,688123.SH,206074,28869,20210706,7879246,163642,51.525,46.843
1811190,0,48.1,48.13,48.17,48.29,48.3,684,700,400,1463,3000,48.01,47.95,47.94,47.93,47.91,800,1292,1300,800,817,0,2051160,35455000,0,48.76,0,48.0,35455857,512790,47.69,379,48.59,,47.99,0,0,688123.SH,206074,30161,20210706,7879246,163642,51.525,46.891
1822713,0,48.1,48.13,48.17,48.29,48.3,684,700,400,1463,3000,48.02,47.95,47.94,47.93,47.91,200,1292,1300,800,817,0,529616,35465000,0,48.76,0,48.0,35465966,132404,47.69,379,48.59,,47.99,0,0,688123.SH,206074,29561,20210706,7879246,163642,51.525,46.868
1826530,0,48.1,48.13,48.17,48.29,48.3,684,700,400,1463,3000,48.02,47.95,47.94,47.93,47.91,200,1292,1300,800,817,0,3322360,35468000,0,48.76,0,48.0,35469025,830590,47.69,379,48.59,,47.99,0,0,688123.SH,205724,29561,20210706,7879246,163642,51.53,46.868
1830556,0,48.1,48.13,48.17,48.29,48.3,684,700,400,1463,3000,48.02,47.95,47.94,47.93,47.91,200,1292,1300,600,817,0,549716,35472000,0,48.76,0,48.0,35472330,137429,47.69,379,48.59,,47.99,0,0,688123.SH,205724,29361,20210706,7879246,163642,51.53,46.861
1834306,0,48.1,48.13,48.17,48.29,48.3,484,700,400,1463,3000,48.02,47.95,47.94,47.93,47.91,200,1292,1300,600,817,0,243564,35475000,0,48.76,0,48.1,35475325,60891,47.69,380,48.59,,47.99,0,0,688123.SH,205524,29361,20210706,7888866,163842,51.533,46.861
1848742,0,48.1,48.13,48.17,48.29,48.3,284,700,400,1463,3000,48.02,47.95,47.94,47.93,47.91,200,1292,1300,600,817,0,1556112,35485000,0,48.76,0,48.1,35485621,389028,47.69,381,48.59,,47.99,0,0,688123.SH,205324,29361,20210706,7898486,164042,51.537,46.861
1852872,0,48.1,48.13,48.17,48.29,48.3,84,700,400,1463,3000,48.02,47.95,47.94,47.93,47.91,200,1292,1300,600,817,0,108172,35489000,0,48.76,0,48.1,35489865,27043,47.69,382,48.59,,47.99,0,0,688123.SH,205124,29361,20210706,7908106,164242,51.54,46.861
1858266,0,48.13,48.17,48.29,48.3,48.34,584,400,1463,3000,200,48.02,47.95,47.94,47.93,47.91,200,1292,1300,600,817,0,268120,35493000,0,48.76,0,48.13,35493984,67030,47.69,384,48.59,,47.99,0,0,688123.SH,204924,29361,20210706,7917729,164442,51.543,46.861
1861612,0,48.02,48.13,48.17,48.29,48.3,600,584,400,1463,3000,47.96,47.95,47.94,47.93,47.91,1400,1292,1300,600,817,0,993752,35496000,0,48.76,0,48.02,35496855,248438,47.69,385,48.59,,47.99,0,0,688123.SH,205524,30561,20210706,7927333,164642,51.533,46.904
1865279,0,48.02,48.13,48.17,48.29,48.3,600,584,400,1463,3000,47.97,47.95,47.94,47.93,47.91,800,1292,1300,600,817,0,2530500,35499000,0,48.76,0,48.02,35499850,632625,47.69,385,48.59,,47.99,0,0,688123.SH,205524,29961,20210706,7927333,164642,51.533,46.883
1868995,0,48.13,48.17,48.29,48.3,48.34,584,400,1463,3000,200,47.97,47.95,47.94,47.93,47.91,300,1292,1000,600,817,0,2686384,35502000,0,48.76,0,48.02,35502846,671596,47.69,386,48.59,,47.99,0,0,688123.SH,204924,29161,20210706,7956145,165242,51.543,46.853
1872898,0,48.13,48.17,48.29,48.3,48.34,584,400,1463,3000,200,48.0,47.97,47.95,47.94,47.93,500,300,1292,1000,600,0,3251916,35505000,0,48.76,0,48.02,35505901,812979,47.69,386,48.59,,47.99,0,0,688123.SH,204924,29661,20210706,7956145,165242,51.543,46.873
1876700,0,48.13,48.17,48.29,48.3,48.34,584,400,1463,3000,200,48.0,47.97,47.95,47.94,47.93,500,300,500,1000,600,0,2914316,35508000,0,48.76,0,48.02,35508959,728579,47.69,386,48.59,,47.99,0,0,688123.SH,204924,28869,20210706,7956145,165242,51.543,46.843
1880353,0,48.1,48.12,48.13,48.17,48.29,1000,350,584,400,1463,48.0,47.97,47.95,47.94,47.93,500,300,500,1000,600,0,1594856,35511000,0,48.76,0,48.02,35511954,398714,47.69,386,48.59,,47.99,0,0,688123.SH,206474,28869,20210706,7956145,165242,51.518,46.843
1889692,0,48.0,48.1,48.12,48.13,48.17,1028,1000,350,584,400,47.97,47.95,47.94,47.93,47.91,300,500,1000,600,817,0,3095176,35518000,0,48.76,0,48.0,35519005,773794,47.69,387,48.59,,47.99,0,0,688123.SH,207502,28369,20210706,7980145,165742,51.5,46.823
1897163,0,48.1,48.12,48.13,48.17,48.29,997,350,584,400,1463,47.97,47.95,47.94,47.93,47.91,300,500,1000,600,817,0,1094392,35525000,0,48.76,0,48.1,35525499,273598,47.69,389,48.59,,47.99,0,0,688123.SH,206471,28369,20210706,8042236,167035,51.518,46.823
1902709,0,48.1,48.12,48.13,48.17,48.29,997,350,584,400,1463,47.97,47.95,47.94,47.93,47.91,300,500,1000,600,817,0,628772,35529000,0,48.76,0,48.1,35529992,157193,47.69,389,48.59,,47.99,0,0,688123.SH,217038,28369,20210706,8042236,167035,51.807,46.823
1906452,0,48.1,48.12,48.13,48.17,48.29,997,350,584,400,1463,47.97,47.95,47.94,47.93,47.91,300,500,1000,600,817,0,2025128,35532000,0,48.76,0,48.1,35532987,506282,47.69,389,48.59,,47.99,0,0,688123.SH,217338,28369,20210706,8042236,167035,51.812,46.823
1910399,0,48.1,48.12,48.13,48.17,48.29,1197,350,584,400,1463,47.97,47.95,47.94,47.93,47.91,300,500,1000,600,817,0,127372,35535000,0,48.76,0,48.1,35536041,31843,47.69,389,48.59,,47.99,0,0,688123.SH,224538,28369,20210706,8042236,167035,51.745,46.823
1914178,0,48.1,48.12,48.13,48.17,48.29,1197,350,584,400,1463,47.98,47.97,47.95,47.94,47.93,200,300,500,1000,600,0,2389224,35538000,0,48.76,0,48.1,35539036,597306,47.69,389,48.59,,47.99,0,0,688123.SH,224738,28569,20210706,8042236,167035,51.749,46.831
1917887,0,48.1,48.12,48.13,48.17,48.29,1425,350,584,400,1463,47.99,47.98,47.97,47.95,47.94,200,200,300,500,1000,0,1253676,35541000,0,48.76,0,48.1,35542035,313419,47.69,389,48.59,,47.99,0,0,688123.SH,225166,28769,20210706,8042236,167035,51.75,46.839
1921605,0,48.1,48.12,48.13,48.17,48.29,1225,350,584,400,1463,47.99,47.98,47.97,47.95,47.94,200,200,300,500,1000,0,2138460,35544000,0,48.76,0,48.1,35545027,534615,47.69,390,48.59,,47.99,0,0,688123.SH,224966,28769,20210706,8051856,167235,51.753,46.839
1938556,0,48.1,48.12,48.13,48.17,48.29,1225,350,584,400,1463,47.99,47.98,47.97,47.95,47.94,200,200,300,500,1000,0,2896652,35558000,0,48.76,0,48.1,35559068,724163,47.69,390,48.59,,47.99,0,0,688123.SH,224966,28368,20210706,8051856,167235,51.753,46.827
1942240,0,48.1,48.12,48.13,48.17,48.29,1225,350,584,400,1463,47.99,47.98,47.95,47.94,47.93,200,200,500,1000,600,0,402476,35561000,0,48.76,0,48.1,35562063,100619,47.69,390,48.59,,47.99,0,0,688123.SH,224966,28068,20210706,8051856,167235,51.753,46.814
1945984,0,48.1,48.12,48.13,48.17,48.29,271,350,584,400,1463,47.99,47.95,47.94,47.93,47.91,500,500,1000,600,817,0,3221456,35564000,0,48.76,0,48.1,35565058,805364,47.69,393,48.59,,47.99,0,0,688123.SH,225012,28168,20210706,8097743,168189,51.753,46.819
1949678,0,48.1,48.12,48.13,48.17,48.29,271,350,584,400,1463,48.0,47.99,47.95,47.94,47.93,200,500,500,1000,600,0,3991564,35567000,0,48.76,0,48.1,35568052,997891,47.69,393,48.59,,47.99,0,0,688123.SH,225012,28368,20210706,8097743,168189,51.753,46.827
1957166,0,48.1,48.12,48.13,48.17,48.29,228,350,584,400,1463,48.0,47.99,47.95,47.94,47.93,200,500,500,1000,600,0,1647340,35574000,0,48.76,0,48.1,35574167,411835,47.69,394,48.59,,47.99,0,0,688123.SH,224969,28368,20210706,8099811,168232,51.754,46.827
1960887,0,48.1,48.12,48.13,48.17,48.29,12,350,584,400,1463,48.0,47.99,47.95,47.94,47.93,200,500,500,1000,600,0,3055148,35577000,0,48.76,0,48.1,35577162,763787,47.69,395,48.59,,47.99,0,0,688123.SH,224753,28368,20210706,8110201,168448,51.758,46.827
1976274,0,48.1,48.13,48.17,48.29,48.3,12,584,400,1463,4000,48.0,47.99,47.95,47.94,47.93,200,500,500,1000,600,0,2498216,35589000,0,48.76,0,48.1,35589642,624554,47.69,395,48.59,,47.99,0,0,688123.SH,224403,28368,20210706,8110201,168448,51.763,46.827
1980000,0,48.1,48.13,48.17,48.29,48.3,12,584,400,1463,4000,48.07,48.0,47.99,47.95,47.94,300,200,500,500,1000,0,237784,35592000,0,48.76,0,48.1,35592638,59446,47.69,395,48.59,,47.99,0,0,688123.SH,224403,28668,20210706,8110201,168448,51.763,46.84
1983768,0,48.13,48.17,48.29,48.3,48.34,584,400,1463,4000,200,48.1,48.07,47.99,47.95,47.94,188,300,500,500,1000,0,1047324,35595000,0,48.76,0,48.1,35595633,261831,47.69,396,48.59,,47.99,0,0,688123.SH,224391,28656,20210706,8110778,168460,51.764,46.84
2005180,0,48.13,48.17,48.29,48.3,48.34,584,400,1463,4000,200,48.11,48.1,48.07,47.99,47.95,200,188,300,500,500,0,2279504,35612000,0,48.76,0,48.1,35612418,569876,47.69,396,48.59,,47.99,0,0,688123.SH,224391,28856,20210706,8110778,168460,51.764,46.849
2008887,0,48.17,48.29,48.3,48.34,48.35,400,1463,4000,200,400,48.13,48.11,48.07,47.99,47.95,116,200,300,500,1300,0,3530592,35615000,0,48.76,0,48.13,35615413,882648,47.69,398,48.59,,47.99,0,0,688123.SH,223807,29584,20210706,8138886,169044,51.773,46.876
2014530,0,48.17,48.29,48.3,48.34,48.35,200,1463,4000,200,400,48.13,48.11,48.07,47.99,47.95,116,200,300,300,1300,0,3256292,35619000,0,48.76,0,48.13,35620031,814073,47.69,398,48.59,,47.99,0,0,688123.SH,223607,29384,20210706,8138886,169044,51.776,46.868
2018194,0,48.17,48.29,48.3,48.34,48.35,200,1463,4000,200,400,48.13,48.11,48.07,47.95,47.94,116,200,300,1300,1000,0,2525800,35622000,0,48.76,0,48.13,35623030,631450,47.69,398,48.59,,47.99,0,0,688123.SH,223607,29084,20210706,8138886,169044,51.776,46.857
2021858,0,48.17,48.29,48.3,48.34,48.35,200,1463,4000,200,400,48.04,48.01,48.0,47.95,47.94,3216,4000,4000,1300,1000,0,3538248,35625000,0,48.76,0,48.04,35626023,884562,47.69,403,48.59,,47.99,0,0,688123.SH,223607,39684,20210706,8234999,171044,51.776,47.165
2026924,0,48.17,48.29,48.3,48.34,48.35,200,1463,4000,200,400,48.07,48.06,48.05,48.04,48.0,800,600,200,200,5100,0,3725364,35629000,0,48.76,0,48.04,35629454,931341,47.69,403,48.59,,47.99,0,0,688123.SH,223607,35368,20210706,8234999,171044,51.776,47.061
2030712,0,48.17,48.29,48.3,48.34,48.35,200,1463,4000,200,400,48.07,48.05,48.04,48.0,47.95,800,200,200,5100,1300,0,23564,35632000,0,48.76,0,48.04,35632513,5891,47.69,403,48.59,,47.99,0,0,688123.SH,223607,34353,20210706,8234999,171044,51.776,47.04
2034410,0,48.17,48.29,48.3,48.34,48.35,200,1463,4000,200,400,48.07,48.05,48.04,48.0,47.95,800,200,200,4000,1300,0,3402936,35635000,0,48.76,0,48.04,35635507,850734,47.69,403,48.59,,47.99,0,0,688123.SH,223607,33253,20210706,8234999,171044,51.776,47.008
2038066,0,48.17,48.28,48.29,48.3,48.34,200,1000,1463,4000,200,48.07,48.05,48.04,48.0,47.95,800,200,200,4000,1300,0,3631088,35638000,0,48.76,0,48.04,35638502,907772,47.69,403,48.59,,47.99,0,0,688123.SH,224607,33253,20210706,8234999,171044,51.761,47.008
2041752,0,48.17,48.28,48.29,48.3,48.34,200,1000,1463,4000,200,48.07,48.0,47.95,47.94,47.93,1000,4000,1300,1000,600,0,2352100,35641000,0,48.76,0,48.04,35641498,588025,47.69,403,48.59,,47.99,0,0,688123.SH,224607,33053,20210706,8234999,171044,51.761,47.002
2044443,0,48.17,48.28,48.29,48.3,48.34,200,1000,1463,4000,200,48.08,48.07,48.0,47.95,47.94,200,200,4000,1300,1000,0,431240,35644000,0,48.76,0,48.04,35644181,107810,47.69,403,48.59,,47.99,0,0,688123.SH,224607,32453,20210706,8234999,171044,51.761,46.982
2050022,0,48.17,48.28,48.29,48.3,48.34,200,1000,1463,4000,200,48.08,48.0,47.95,47.94,47.93,200,4000,1300,1000,600,0,2442644,35649000,0,48.76,0,48.04,35649488,610661,47.69,403,48.59,,47.99,0,0,688123.SH,224607,32253,20210706,8234999,171044,51.761,46.975
2053752,0,48.24,48.28,48.29,48.3,48.34,600,100,1463,4000,200,48.0,47.95,47.94,47.93,47.91,4000,1300,1000,600,817,0,1838768,35652000,0,48.76,0,48.08,35652543,459692,47.69,406,48.59,,47.99,0,0,688123.SH,224107,32053,20210706,8297701,172344,51.768,46.969
2060219,0,48.21,48.28,48.29,48.3,48.34,600,100,1463,4000,200,48.01,48.0,47.95,47.94,47.93,8000,4000,1300,1000,600,0,3719376,35656000,0,48.76,0,48.08,35656473,929844,47.69,406,48.59,,47.99,0,0,688123.SH,224107,40053,20210706,8297701,172344,51.768,47.177
2064244,0,48.21,48.28,48.29,48.3,48.34,600,100,1463,4000,200,48.01,48.0,47.95,47.94,47.93,8200,4000,1300,1000,600,0,12312,35659000,0,48.76,0,48.08,35660030,3078,47.69,406,48.59,,47.99,0,0,688123.SH,224107,40253,20210706,8297701,172344,51.768,47.181
2067985,0,48.2,48.28,48.29,48.3,48.34,1000,100,1463,4000,200,48.02,48.01,48.0,47.95,47.94,600,4200,4000,1300,1000,0,1232976,35662000,0,48.76,0,48.08,35663025,308244,47.69,406,48.59,,47.99,0,0,688123.SH,225507,36853,20210706,8297701,172344,51.788,47.104
2071684,0,48.2,48.28,48.29,48.3,48.34,1000,100,1463,4000,200,48.02,48.01,48.0,47.95,47.94,600,200,4000,1300,1000,0,1106240,35665000,0,48.76,0,48.08,35666022,276560,47.69,406,48.59,,47.99,0,0,688123.SH,225507,32853,20210706,8297701,172344,51.788,46.994
2076100,0,48.2,48.28,48.29,48.3,48.34,1000,100,1463,4000,200,48.02,48.0,47.95,47.94,47.93,600,4000,1300,1000,600,0,2557948,35670000,0,48.76,0,48.08,35670517,639487,47.69,406,48.59,,47.99,0,0,688123.SH,225507,32653,20210706,8297701,172344,51.788,46.988
2079844,0,48.2,48.28,48.29,48.3,48.34,1000,100,1463,4000,200,48.02,48.0,47.95,47.94,47.93,800,4000,1300,1000,600,0,2643400,35673000,0,48.76,0,48.08,35673512,660850,47.69,406,48.59,,47.99,0,0,688123.SH,225507,32853,20210706,8297701,172344,51.788,46.994
2083599,0,48.2,48.28,48.29,48.3,48.34,1000,100,1463,4000,200,48.02,48.0,47.95,47.94,47.93,800,4000,1300,1000,600,0,2384828,35676000,0,48.76,0,48.08,35676509,596207,47.69,406,48.59,,47.99,0,0,688123.SH,226507,32853,20210706,8297701,172344,51.806,46.994
2092353,0,48.19,48.2,48.28,48.29,48.3,350,1000,100,1463,4000,48.02,48.0,47.95,47.94,47.93,800,4000,1300,1000,600,0,2410400,35682000,0,48.76,0,48.08,35683056,602600,47.69,406,48.59,,47.99,0,0,688123.SH,226857,32853,20210706,8297701,172344,51.8,46.994
2101175,0,48.19,48.2,48.28,48.29,48.3,350,1000,100,1463,4000,48.02,48.01,48.0,47.95,47.94,800,200,4000,1300,1000,0,1729832,35689000,0,48.76,0,48.08,35689858,432458,47.69,406,48.59,,47.99,0,0,688123.SH,226857,33053,20210706,8297701,172344,51.8,47.0
2104840,0,48.19,48.2,48.28,48.29,48.3,350,1000,100,1463,4000,48.02,48.01,48.0,47.95,47.94,800,200,4000,1300,1000,0,894484,35692000,0,48.76,0,48.08,35692854,223621,47.69,406,48.59,,47.99,0,0,688123.SH,227857,33053,20210706,8297701,172344,51.796,47.0
2109053,0,48.19,48.2,48.28,48.29,48.3,550,1000,100,1463,4000,48.02,48.01,48.0,47.95,47.94,800,200,4000,1300,1000,0,1474904,35697000,0,48.76,0,48.08,35697408,368726,47.69,406,48.59,,47.99,0,0,688123.SH,228057,33053,20210706,8297701,172344,51.793,47.0
2120901,0,48.19,48.2,48.28,48.29,48.3,550,1000,100,1463,4000,48.03,48.02,48.01,48.0,47.95,1076,800,200,4000,1300,0,1994748,35706000,0,48.76,0,48.08,35706833,498687,47.69,406,48.59,,47.99,0,0,688123.SH,228057,34129,20210706,8297701,172344,51.793,47.033
2124586,0,48.18,48.19,48.2,48.28,48.29,350,550,1000,100,1463,48.03,48.02,48.01,48.0,47.95,1076,800,200,4000,1300,0,819164,35709000,0,48.76,0,48.08,35709829,204791,47.69,406,48.59,,47.99,0,0,688123.SH,228407,34129,20210706,8297701,172344,51.787,47.033
2128422,0,48.18,48.19,48.2,48.28,48.29,350,550,1000,100,1463,48.03,48.02,48.01,48.0,47.95,1076,600,200,4000,1300,0,406196,35712000,0,48.76,0,48.08,35712884,101549,47.69,406,48.59,,47.99,0,0,688123.SH,228407,32929,20210706,8297701,172344,51.787,47.008
