,addrTag,askPrice1,askPrice2,askPrice3,askPrice4,askPrice5,askVolume1,askVolume2,askVolume3,askVolume4,askVolume5,bidPrice1,bidPrice2,bidPrice3,bidPrice4,bidPrice5,bidVolume1,bidVolume2,bidVolume3,bidVolume4,bidVolume5,broker,clock,exchTime,exchTimeUnderMs,high,iopv,last,localTime,localTimeUnderMs,low,numTrades,open,phaseCode,preClosePrice,status,tickerIndex,tickerName,totalAskQty,totalBidQty,tradingDay,turnover,volume,weightedAvgAskPrc,weightedAvgBidPrc
4239,0,,,,,,0,0,0,0,0,,,,,,0,0,0,0,0,0,652832,32150000,0,,0,,32946463,163208,,0,,,33.09,0,0,688335.SH,0,0,20210706,0,0,,
5555,0,,,,,,0,0,0,0,0,,,,,,0,0,0,0,0,0,1739644,33293000,0,,0,,33294026,434911,,0,,,33.09,0,0,688335.SH,0,0,20210706,0,0,,
5556,0,,,,,,0,0,0,0,0,,,,,,0,0,0,0,0,0,1747104,33293000,0,,0,,33294026,436776,,0,,,33.09,0,0,688335.SH,0,0,20210706,0,0,,
160850,0,33.25,33.29,33.48,33.65,33.69,1601,817,1000,300,200,33.18,33.09,32.91,32.85,32.8,300,300,200,710,200,0,3704396,33901000,0,,0,,33901696,926099,,0,,,33.09,0,0,688335.SH,34820,8884,20210706,0,0,35.935,31.718
167366,0,33.25,33.29,33.48,33.65,33.69,1601,817,1000,300,200,33.18,33.09,32.91,32.85,32.8,300,300,200,710,200,0,1117884,33994000,0,,0,,33996107,279471,,0,,,33.09,0,0,688335.SH,34820,8884,20210706,0,0,35.935,31.718
167367,0,33.25,33.29,33.48,33.65,33.69,1601,817,1000,300,200,33.18,33.09,32.91,32.85,32.8,300,300,200,710,200,0,1125688,33994000,0,,0,,33996107,281422,,0,,,33.09,0,0,688335.SH,34820,8884,20210706,0,0,35.935,31.718
169329,0,33.25,33.29,33.48,33.65,33.69,1601,817,1000,300,200,33.18,33.09,32.91,32.9,32.85,300,300,200,300,710,0,2423148,34200000,0,,0,,34200664,605787,,0,,,33.09,0,0,688335.SH,34820,9184,20210706,0,0,35.935,31.757
174130,0,33.25,33.29,33.47,33.48,33.65,1601,817,1179,1000,300,33.18,33.09,32.91,32.9,32.85,300,300,1200,300,710,0,813860,34203000,0,,0,,34203786,203465,,0,,,33.09,0,0,688335.SH,41823,10184,20210706,0,0,35.916,31.87
179755,0,33.25,33.29,33.39,33.47,33.48,1601,817,649,1179,1000,33.18,33.09,32.92,32.91,32.9,300,300,515,1200,300,0,2289028,34206000,0,,0,,34206848,572257,,0,,,33.09,0,0,688335.SH,44472,10699,20210706,0,0,35.794,31.92
184041,0,33.25,33.29,33.39,33.47,33.48,2701,817,649,1179,1000,33.18,33.09,32.92,32.91,32.9,300,300,515,1200,300,0,2423516,34209000,0,,0,,34209775,605879,,0,,,33.09,0,0,688335.SH,48670,11199,20210706,0,0,35.653,31.954
188236,0,33.25,33.29,33.39,33.47,33.48,2701,817,649,1179,1000,33.18,33.09,32.92,32.91,32.9,300,300,515,1200,300,0,2743016,34212000,0,,0,,34212708,685754,,0,,,33.09,0,0,688335.SH,49070,11199,20210706,0,0,35.649,31.954
194932,0,33.25,33.29,33.39,33.47,33.48,2701,817,649,1179,1000,33.18,33.09,32.92,32.91,32.9,300,300,515,1200,300,0,3602272,34217000,0,,0,,34217695,900568,,0,,,33.09,0,0,688335.SH,49270,11199,20210706,0,0,35.641,31.954
198648,0,33.25,33.29,33.39,33.47,33.48,2701,817,649,1179,1000,33.18,33.09,32.92,32.91,32.9,100,300,515,1200,300,0,1303948,34218000,0,33.18,0,33.18,34219455,325987,33.18,1,33.18,,33.09,0,0,688335.SH,49270,10999,20210706,6636,200,35.641,31.932
207347,0,33.25,33.29,33.39,33.47,33.48,2701,817,649,1179,1000,33.18,33.09,32.92,32.91,32.9,100,300,515,1200,300,0,3107924,34226000,0,33.18,0,33.18,34226442,776981,33.18,1,33.18,,33.09,0,0,688335.SH,49270,11299,20210706,6636,200,35.641,31.955
224040,0,33.25,33.29,33.39,33.47,33.48,2701,817,649,1179,1000,33.18,33.09,32.92,32.91,32.9,100,300,515,1200,300,0,589288,34238000,0,33.18,0,33.18,34238975,147322,33.18,1,33.18,,33.09,0,0,688335.SH,49570,11299,20210706,6636,200,35.639,31.955
242099,0,33.1,33.25,33.29,33.39,33.47,900,2701,817,649,1179,33.09,32.92,32.91,32.9,32.85,300,515,1200,300,710,0,1638740,34251000,0,33.18,0,33.18,34251831,409685,33.18,2,33.18,,33.09,0,0,688335.SH,50470,11199,20210706,9954,300,35.593,31.944
256729,0,33.1,33.24,33.25,33.29,33.39,900,300,2701,817,649,33.09,32.92,32.91,32.9,32.85,300,515,1200,300,710,0,3028640,34262000,0,33.18,0,33.18,34262324,757160,33.18,2,33.18,,33.09,0,0,688335.SH,50770,11199,20210706,9954,300,35.579,31.944
260887,0,33.24,33.25,33.29,33.39,33.47,300,1601,817,649,1179,33.09,32.92,32.91,32.9,32.85,300,515,1200,300,710,0,3444656,34265000,0,33.18,0,33.1,34265434,861164,33.1,3,33.18,,33.09,0,0,688335.SH,48770,11199,20210706,39744,1200,35.678,31.944
264996,0,33.23,33.24,33.25,33.29,33.39,600,300,1601,817,649,33.09,32.92,32.91,32.9,32.85,300,515,1200,300,710,0,3441300,34267000,0,33.18,0,33.1,34267991,860325,33.1,3,33.18,,33.09,0,0,688335.SH,49370,11199,20210706,39744,1200,35.648,31.944
277551,0,33.23,33.24,33.25,33.29,33.39,600,300,1601,817,649,33.09,32.92,32.91,32.9,32.85,300,515,1200,300,710,0,38828,34277000,0,33.18,0,33.1,34277359,9707,33.1,3,33.18,,33.09,0,0,688335.SH,50170,11199,20210706,39744,1200,35.62,31.944
24773,0,33.23,33.24,33.25,33.29,33.39,600,300,1601,817,649,33.1,33.09,32.92,32.91,32.9,1000,300,515,1200,300,0,3632292,34311000,0,33.18,0,33.1,34311867,908073,33.1,3,33.18,,33.09,0,0,688335.SH,50170,12199,20210706,39744,1200,35.62,32.039
27951,0,33.23,33.24,33.25,33.29,33.39,600,300,1601,817,649,33.09,32.92,32.91,32.9,32.85,300,515,1200,300,710,0,3264852,34314000,0,33.18,0,33.1,34314562,816213,33.1,4,33.18,,33.09,0,0,688335.SH,50170,11199,20210706,72844,2200,35.62,31.944
32008,0,33.22,33.23,33.24,33.25,33.29,700,600,300,1601,817,33.09,32.92,32.91,32.9,32.85,300,515,1200,300,710,0,2820084,34317000,0,33.18,0,33.1,34317543,705021,33.1,4,33.18,,33.09,0,0,688335.SH,50870,11199,20210706,72844,2200,35.587,31.944
55735,0,33.21,33.22,33.23,33.24,33.25,883,700,600,300,1601,33.09,32.92,32.91,32.9,32.85,300,515,1200,300,710,0,3665840,34334000,0,33.18,0,33.1,34334513,916460,33.1,4,33.18,,33.09,0,0,688335.SH,51753,11199,20210706,72844,2200,35.546,31.944
59833,0,33.2,33.21,33.22,33.23,33.24,1828,883,700,600,300,33.09,32.92,32.91,32.9,32.85,300,515,1200,300,710,0,330436,34337000,0,33.18,0,33.1,34337510,82609,33.1,4,33.18,,33.09,0,0,688335.SH,53581,11199,20210706,72844,2200,35.466,31.944
79305,0,33.2,33.21,33.22,33.23,33.24,1828,883,700,600,300,33.09,32.93,32.92,32.91,32.9,300,200,515,1200,300,0,1378084,34351000,0,33.18,0,33.1,34351303,344521,33.1,4,33.18,,33.09,0,0,688335.SH,53581,11399,20210706,72844,2200,35.466,31.961
88482,0,33.2,33.21,33.22,33.23,33.24,1828,883,700,600,300,33.09,32.93,32.92,32.91,32.9,300,200,3515,1200,300,0,2238208,34358000,0,33.18,0,33.1,34358722,559552,33.1,4,33.18,,33.09,0,0,688335.SH,53581,14399,20210706,72844,2200,35.466,32.161
98510,0,33.2,33.21,33.22,33.23,33.24,1828,883,700,600,300,33.09,32.94,32.93,32.92,32.91,300,500,200,3515,1200,0,221216,34365000,0,33.18,0,33.1,34365963,55304,33.1,4,33.18,,33.09,0,0,688335.SH,53581,14899,20210706,72844,2200,35.466,32.187
125062,0,33.2,33.21,33.22,33.23,33.24,1828,883,700,600,300,33.09,32.94,32.93,32.92,32.91,300,500,200,3515,1200,0,2461796,34385000,0,33.18,0,33.1,34386052,615449,33.1,4,33.18,,33.09,0,0,688335.SH,53981,14899,20210706,72844,2200,35.498,32.187
133436,0,33.2,33.21,33.22,33.23,33.24,1828,883,700,600,300,33.09,32.94,32.93,32.92,32.91,300,500,200,3515,1200,0,540824,34392000,0,33.18,0,33.1,34392110,135206,33.1,4,33.18,,33.09,0,0,688335.SH,54181,14899,20210706,72844,2200,35.51,32.187
140954,0,33.2,33.21,33.22,33.23,33.24,1828,883,700,600,300,33.09,32.94,32.92,32.91,32.9,300,500,3515,1200,300,0,1709588,34396000,0,33.18,0,33.1,34397036,427397,33.1,4,33.18,,33.09,0,0,688335.SH,54181,14699,20210706,72844,2200,35.51,32.177
145059,0,33.2,33.21,33.22,33.23,33.24,1828,883,700,600,300,33.09,33.08,32.94,32.92,32.91,300,200,500,3515,1200,0,2550080,34400000,0,33.18,0,33.1,34400154,637520,33.1,4,33.18,,33.09,0,0,688335.SH,54181,14899,20210706,72844,2200,35.51,32.189
149143,0,33.2,33.21,33.23,33.24,33.25,2828,883,600,300,1601,33.09,33.08,32.95,32.94,32.92,300,200,526,500,3515,0,2701344,34403000,0,33.18,0,33.1,34403213,675336,33.1,4,33.18,,33.09,0,0,688335.SH,54481,15425,20210706,72844,2200,35.497,32.215
153209,0,33.2,33.21,33.24,33.25,33.29,2828,883,300,1601,817,33.09,33.08,32.95,32.94,32.92,300,200,526,500,3515,0,1947760,34406000,0,33.18,0,33.1,34406208,486940,33.1,4,33.18,,33.09,0,0,688335.SH,53881,15425,20210706,72844,2200,35.523,32.215
169420,0,33.2,33.21,33.24,33.25,33.29,2828,883,300,1601,817,33.09,33.08,32.96,32.95,32.94,300,200,200,526,500,0,3398036,34418000,0,33.18,0,33.1,34418751,849509,33.1,4,33.18,,33.09,0,0,688335.SH,53881,15625,20210706,72844,2200,35.523,32.225
215345,0,33.2,33.21,33.24,33.25,33.29,2828,883,300,1601,817,33.09,32.96,32.95,32.94,32.92,300,200,526,500,3515,0,3098676,34452000,0,33.18,0,33.1,34452822,774669,33.1,4,33.18,,33.09,0,0,688335.SH,53881,15425,20210706,72844,2200,35.523,32.214
237600,0,33.2,33.21,33.24,33.25,33.29,2828,883,300,1601,817,33.09,32.97,32.96,32.95,32.94,300,300,200,526,500,0,1455960,34468000,0,33.18,0,33.1,34468487,363990,33.1,4,33.18,,33.09,0,0,688335.SH,53881,15725,20210706,72844,2200,35.523,32.228
241872,0,33.2,33.21,33.24,33.25,33.29,1828,883,300,1601,817,33.09,32.97,32.96,32.95,32.94,300,300,200,526,500,0,383644,34471000,0,33.18,0,33.1,34472103,95911,33.1,4,33.18,,33.09,0,0,688335.SH,52881,15725,20210706,72844,2200,35.567,32.228
252829,0,33.2,33.21,33.24,33.25,33.29,1828,883,300,1601,817,33.09,32.97,32.96,32.95,32.94,300,300,200,526,500,0,936304,34480000,0,33.18,0,33.1,34480219,234076,33.1,4,33.18,,33.09,0,0,688335.SH,52881,16725,20210706,72844,2200,35.567,32.269
981,0,33.2,33.21,33.24,33.25,33.29,1828,883,300,1601,817,33.09,32.97,32.96,32.95,32.94,500,300,200,526,500,0,981992,34483000,0,33.18,0,33.1,34483276,245498,33.1,4,33.18,,33.09,0,0,688335.SH,52881,16925,20210706,72844,2200,35.567,32.279
6835,0,33.2,33.21,33.24,33.25,33.29,1828,883,300,1601,817,33.09,32.99,32.97,32.96,32.95,500,200,300,200,526,0,713944,34488000,0,33.18,0,33.1,34488576,178486,33.1,4,33.18,,33.09,0,0,688335.SH,52881,17125,20210706,72844,2200,35.567,32.287
10847,0,33.2,33.21,33.24,33.25,33.29,1828,883,300,1601,817,33.09,32.99,32.97,32.96,32.95,500,200,300,200,526,0,3700564,34491000,0,33.18,0,33.1,34491573,925141,33.1,4,33.18,,33.09,0,0,688335.SH,52881,18125,20210706,72844,2200,35.567,32.316
18401,0,33.2,33.21,33.24,33.25,33.29,1828,883,300,1601,417,33.09,32.99,32.97,32.96,32.95,500,200,300,200,526,0,3653824,34496000,0,33.18,0,33.1,34497123,913456,33.1,4,33.18,,33.09,0,0,688335.SH,52481,18125,20210706,72844,2200,35.584,32.316
30140,0,33.2,33.21,33.24,33.25,33.39,1828,883,300,1601,649,33.09,32.99,32.97,32.96,32.95,500,200,300,200,526,0,837620,34505000,0,33.18,0,33.1,34505798,209405,33.1,4,33.18,,33.09,0,0,688335.SH,52064,18125,20210706,72844,2200,35.602,32.316
38746,0,33.2,33.21,33.24,33.25,33.39,1828,883,300,1601,649,33.09,32.99,32.97,32.96,32.95,500,200,300,200,526,0,2293856,34512000,0,33.18,0,33.1,34512419,573464,33.1,4,33.18,,33.09,0,0,688335.SH,52064,18425,20210706,72844,2200,35.602,32.325
62064,0,33.2,33.21,33.24,33.25,33.39,1828,883,300,1601,649,33.11,33.09,32.99,32.97,32.96,1000,500,200,300,200,0,3107932,34528000,0,33.18,0,33.1,34528580,776983,33.1,4,33.18,,33.09,0,0,688335.SH,52064,19425,20210706,72844,2200,35.602,32.366
66389,0,33.2,33.21,33.24,33.25,33.39,1828,883,300,1601,649,33.11,33.09,32.99,32.97,32.96,1000,300,200,300,200,0,1030512,34532000,0,33.18,0,33.1,34532817,257628,33.1,4,33.18,,33.09,0,0,688335.SH,52064,19225,20210706,72844,2200,35.602,32.358
70402,0,33.2,33.21,33.24,33.25,33.39,1828,883,300,1601,649,33.11,33.09,32.99,32.97,32.96,1200,300,200,300,200,0,2902760,34535000,0,33.18,0,33.1,34535813,725690,33.1,4,33.18,,33.09,0,0,688335.SH,52064,19425,20210706,72844,2200,35.602,32.366
74288,0,33.2,33.21,33.24,33.25,33.39,1828,883,300,1601,649,33.11,33.09,32.99,32.97,32.96,1200,300,200,300,200,0,3284824,34538000,0,33.18,0,33.1,34538496,821206,33.1,4,33.18,,33.09,0,0,688335.SH,52564,19425,20210706,72844,2200,35.582,32.366
78211,0,33.2,33.21,33.24,33.25,33.39,1828,883,300,1601,649,33.11,33.09,32.99,32.97,32.96,1200,300,200,300,200,0,2888780,34541000,0,33.18,0,33.1,34541116,722195,33.1,4,33.18,,33.09,0,0,688335.SH,52564,18425,20210706,72844,2200,35.582,32.336
134489,0,33.2,33.21,33.24,33.25,33.39,1828,883,300,1601,649,33.11,33.09,32.99,32.97,32.96,1200,300,200,300,200,0,1412864,34583000,0,33.18,0,33.1,34584001,353216,33.1,4,33.18,,33.09,0,0,688335.SH,52564,18625,20210706,72844,2200,35.582,32.274
138481,0,33.2,33.21,33.24,33.25,33.39,1828,883,300,1601,649,33.11,33.09,32.99,32.97,32.96,1200,1300,200,300,200,0,736180,34586000,0,33.18,0,33.1,34586997,184045,33.1,4,33.18,,33.09,0,0,688335.SH,52564,19625,20210706,72844,2200,35.582,32.316
146805,0,33.2,33.21,33.24,33.25,33.39,1828,883,300,1601,649,33.11,33.09,32.99,32.97,32.96,1200,1300,200,300,200,0,2742852,34593000,0,33.18,0,33.1,34593420,685713,33.1,4,33.18,,33.09,0,0,688335.SH,52564,19110,20210706,72844,2200,35.582,32.3
6222,0,33.2,33.21,33.24,33.25,33.39,1828,883,300,1601,649,33.11,33.09,32.99,32.97,32.96,1200,1300,200,300,200,0,3649192,34679000,0,33.18,0,33.1,34679221,912298,33.1,4,33.18,,33.09,0,0,688335.SH,52564,16110,20210706,72844,2200,35.582,32.184
40421,0,33.2,33.21,33.24,33.25,33.39,1828,883,300,1601,649,33.11,33.1,33.09,32.99,32.97,1200,200,1300,200,300,0,2935164,34705000,0,33.18,0,33.1,34705180,733791,33.1,4,33.18,,33.09,0,0,688335.SH,52564,16310,20210706,72844,2200,35.582,32.195
53390,0,33.2,33.21,33.24,33.25,33.39,1828,883,300,1601,649,33.11,33.1,33.09,33.08,32.99,1200,200,1300,200,200,0,1307348,34714000,0,33.18,0,33.1,34714789,326837,33.1,4,33.18,,33.09,0,0,688335.SH,52564,16510,20210706,72844,2200,35.582,32.206
69216,0,33.11,33.2,33.21,33.24,33.25,8112,1828,883,300,1601,33.1,33.09,33.08,32.99,32.97,200,1300,200,200,300,0,3898124,34727000,0,33.18,0,33.11,34727587,974531,33.1,6,33.18,,33.09,0,0,688335.SH,60676,15310,20210706,112576,3400,35.252,32.135
73104,0,33.11,33.2,33.21,33.24,33.25,8112,1828,883,300,1601,33.09,33.08,32.99,32.97,32.96,1300,200,200,300,200,0,105496,34730000,0,33.18,0,33.1,34730579,26374,33.1,7,33.18,,33.09,0,0,688335.SH,60676,15110,20210706,119196,3600,35.252,32.122
81547,0,33.11,33.2,33.21,33.24,33.25,8112,1828,883,300,1601,33.09,33.08,32.99,32.97,32.96,1300,200,200,300,200,0,867068,34737000,0,33.18,0,33.1,34737566,216767,33.1,7,33.18,,33.09,0,0,688335.SH,60676,16110,20210706,119196,3600,35.252,32.159
90646,0,33.11,33.2,33.21,33.24,33.25,8112,1828,883,300,1601,33.09,33.08,32.99,32.97,32.96,1100,200,200,300,200,0,3927964,34743000,0,33.18,0,33.09,34744055,981991,33.09,8,33.18,,33.09,0,0,688335.SH,60676,15910,20210706,125814,3800,35.252,32.147
93811,0,33.11,33.2,33.21,33.24,33.25,8112,1828,883,300,1601,33.09,33.08,32.99,32.97,32.96,900,200,200,300,200,0,1434436,34746000,0,33.18,0,33.09,34746801,358609,33.09,10,33.18,,33.09,0,0,688335.SH,61876,15710,20210706,132432,4000,35.338,32.135
97111,0,33.11,33.21,33.24,33.25,33.39,8112,883,300,1601,649,33.09,33.08,32.99,32.97,32.96,900,200,200,300,200,0,2462996,34749000,0,33.18,0,33.09,34749546,615749,33.09,10,33.18,,33.09,0,0,688335.SH,60048,15710,20210706,132432,4000,35.403,32.135
120330,0,33.11,33.21,33.24,33.25,33.39,8112,883,300,1601,649,33.09,33.08,32.99,32.97,32.96,1286,200,200,300,200,0,62568,34767000,0,33.18,0,33.09,34767143,15642,33.09,10,33.18,,33.09,0,0,688335.SH,60048,16096,20210706,132432,4000,35.403,32.158
127578,0,33.1,33.11,33.21,33.24,33.25,250,8112,883,300,1601,33.09,33.08,32.99,32.97,32.96,1286,200,200,300,200,0,2793600,34771000,0,33.18,0,33.09,34772134,698400,33.09,10,33.18,,33.09,0,0,688335.SH,60298,16096,20210706,132432,4000,35.394,32.158
131472,0,33.1,33.11,33.21,33.24,33.25,250,8112,883,300,1601,33.09,33.08,32.99,32.97,32.96,1286,450,200,300,200,0,842872,34774000,0,33.18,0,33.09,34775070,210718,33.09,10,33.18,,33.09,0,0,688335.SH,60298,16346,20210706,132432,4000,35.394,32.172
135357,0,33.1,33.11,33.21,33.24,33.25,250,8112,883,300,1601,33.09,33.08,32.99,32.97,32.96,1086,450,200,300,200,0,3446628,34777000,0,33.18,0,33.09,34778065,861657,33.09,11,33.18,,33.09,0,0,688335.SH,60298,16146,20210706,139050,4200,35.394,32.161
154899,0,33.1,33.11,33.21,33.24,33.25,250,8112,883,300,1601,33.09,33.08,32.99,32.97,32.96,486,450,200,300,200,0,3844188,34793000,0,33.18,0,33.09,34793787,961047,33.09,12,33.18,,33.09,0,0,688335.SH,60298,15546,20210706,158904,4800,35.394,32.125
178201,0,33.1,33.11,33.21,33.24,33.25,250,8112,883,300,1601,33.09,33.08,32.99,32.97,32.96,486,200,200,300,200,0,2265152,34811000,0,33.18,0,33.09,34811634,566288,33.09,12,33.18,,33.09,0,0,688335.SH,60298,15296,20210706,158904,4800,35.394,32.109
236692,0,33.1,33.11,33.21,33.24,33.25,250,8112,883,300,1601,33.09,33.08,32.99,32.97,32.96,486,200,1764,300,200,0,1736184,34855000,0,33.18,0,33.09,34855565,434046,33.09,12,33.18,,33.09,0,0,688335.SH,60298,16860,20210706,158904,4800,35.394,32.191
240537,0,33.09,33.1,33.11,33.21,33.24,14,250,8112,883,300,33.08,32.99,32.97,32.96,32.95,200,1764,300,200,526,0,1227800,34858000,0,33.18,0,33.09,34858560,306950,33.09,14,33.18,,33.09,0,0,688335.SH,60312,16374,20210706,174986,5286,35.393,32.164
248401,0,33.09,33.1,33.11,33.21,33.24,14,250,8112,883,300,33.08,32.99,32.97,32.96,32.95,200,200,300,200,526,0,3704832,34864000,0,33.18,0,33.09,34864738,926208,33.09,14,33.18,,33.09,0,0,688335.SH,60312,14810,20210706,174986,5286,35.393,32.077
252333,0,33.09,33.1,33.11,33.21,33.24,14,250,8112,883,300,33.08,32.99,32.96,32.95,32.94,200,200,200,526,500,0,1259532,34867000,0,33.18,0,33.09,34867734,314883,33.09,14,33.18,,33.09,0,0,688335.SH,60312,14510,20210706,174986,5286,35.393,32.059
10623,0,33.1,33.11,33.21,33.24,33.25,250,8112,883,300,1601,33.09,33.08,32.99,32.96,32.95,1545,200,200,200,526,0,2418636,34876000,0,33.18,0,33.09,34877031,604659,33.09,15,33.18,,33.09,0,0,688335.SH,60298,16055,20210706,175449,5300,35.394,32.158
15039,0,33.11,33.21,33.24,33.25,33.39,8112,883,300,1601,649,33.09,33.08,32.99,32.96,32.95,1545,200,200,200,526,0,2948180,34881000,0,33.18,0,33.09,34881148,737045,33.09,15,33.18,,33.09,0,0,688335.SH,60048,16055,20210706,175449,5300,35.403,32.158
37661,0,33.11,33.21,33.24,33.25,33.39,8112,883,300,1601,649,33.1,33.09,33.08,32.99,32.96,200,1545,200,200,200,0,1837000,34897000,0,33.18,0,33.09,34897622,459250,33.09,15,33.18,,33.09,0,0,688335.SH,60048,16255,20210706,175449,5300,35.403,32.17
41524,0,33.11,33.21,33.24,33.25,33.39,7411,883,300,1601,649,33.1,33.09,33.08,32.99,32.96,200,1545,200,200,200,0,1083236,34900000,0,33.18,0,33.11,34900680,270809,33.09,16,33.18,,33.09,0,0,688335.SH,59347,16255,20210706,198659,6001,35.43,32.17
44723,0,33.11,33.21,33.24,33.25,33.39,6971,883,300,1601,649,33.1,33.09,33.08,32.99,32.96,200,1545,200,200,200,0,3604804,34903000,0,33.18,0,33.11,34903364,901201,33.09,18,33.18,,33.09,0,0,688335.SH,58907,16255,20210706,213228,6441,35.448,32.17
47632,0,33.11,33.21,33.24,33.25,33.39,6971,883,300,1601,649,33.1,33.09,33.08,32.99,32.96,200,1545,200,200,200,0,896304,34905000,0,33.18,0,33.11,34906048,224076,33.09,18,33.18,,33.09,0,0,688335.SH,58907,16555,20210706,213228,6441,35.448,32.161
51442,0,33.11,33.21,33.24,33.25,33.39,6571,883,300,1601,649,33.1,33.09,33.08,32.99,32.96,200,1545,200,200,200,0,1131908,34908000,0,33.18,0,33.11,34909043,282977,33.09,19,33.18,,33.09,0,0,688335.SH,58507,16555,20210706,226472,6841,35.464,32.161
54455,0,33.11,33.21,33.24,33.25,33.39,4671,883,300,1601,649,33.1,33.09,33.08,32.99,32.96,200,1545,200,200,200,0,668684,34911000,0,33.18,0,33.11,34911788,167171,33.09,21,33.18,,33.09,0,0,688335.SH,56607,16555,20210706,289381,8741,35.543,32.161
58249,0,33.11,33.21,33.24,33.25,33.39,1797,883,300,1601,649,33.1,33.09,33.08,32.99,32.96,200,1545,200,200,200,0,352892,34914000,0,33.18,0,33.11,34914783,88223,33.09,23,33.18,,33.09,0,0,688335.SH,53733,16555,20210706,384539,11615,35.673,32.161
62113,0,33.11,33.21,33.24,33.25,33.39,510,883,300,1601,649,33.1,33.09,33.08,32.99,32.96,800,1545,200,200,200,0,3952020,34917000,0,33.18,0,33.11,34917777,988005,33.09,25,33.18,,33.09,0,0,688335.SH,52446,17155,20210706,427151,12902,35.736,32.194
65380,0,33.21,33.24,33.25,33.39,33.47,883,300,1601,649,1179,33.12,33.11,33.1,33.09,33.08,400,1600,800,1545,200,0,1506868,34920000,0,33.18,0,33.11,34920465,376717,33.09,26,33.18,,33.09,0,0,688335.SH,51936,19155,20210706,444037,13412,35.762,32.29
69276,0,33.21,33.24,33.25,33.39,33.47,883,300,1601,649,1179,33.12,33.1,33.09,33.08,32.99,400,800,1545,200,200,0,1114324,34923000,0,33.18,0,33.11,34923521,278581,33.09,26,33.18,,33.09,0,0,688335.SH,51936,17555,20210706,444037,13412,35.762,32.215
73176,0,33.21,33.24,33.25,33.39,33.47,883,300,1601,649,1179,33.1,33.09,33.08,32.99,32.96,800,1545,200,200,200,0,3206356,34926000,0,33.18,0,33.11,34926519,801589,33.09,26,33.18,,33.09,0,0,688335.SH,51936,17155,20210706,444037,13412,35.762,32.194
98916,0,33.21,33.24,33.25,33.39,33.47,883,300,1601,649,1179,33.1,33.09,33.08,32.99,32.96,800,1545,200,200,200,0,3931928,34945000,0,33.18,0,33.11,34945359,982982,33.09,26,33.18,,33.09,0,0,688335.SH,51936,17355,20210706,444037,13412,35.762,32.192
106044,0,33.21,33.24,33.25,33.39,33.47,883,300,1601,649,1179,33.11,33.1,33.09,33.08,32.99,605,800,1545,200,200,0,3971296,34951000,0,33.18,0,33.11,34951165,992824,33.09,26,33.18,,33.09,0,0,688335.SH,51936,17960,20210706,444037,13412,35.762,32.223
124626,0,33.21,33.24,33.25,33.39,33.47,883,300,1601,649,1179,33.12,33.11,33.1,33.09,33.08,400,605,800,1545,200,0,2139684,34965000,0,33.18,0,33.11,34965951,534921,33.09,26,33.18,,33.09,0,0,688335.SH,51936,18360,20210706,444037,13412,35.762,32.242
141599,0,33.21,33.24,33.25,33.39,33.47,883,300,1601,649,1179,33.12,33.11,33.1,33.09,33.08,600,605,800,1545,200,0,3852668,34978000,0,33.18,0,33.11,34978493,963167,33.09,26,33.18,,33.09,0,0,688335.SH,51936,18560,20210706,444037,13412,35.762,32.252
189177,0,33.21,33.24,33.25,33.39,33.47,883,300,1601,649,1179,33.12,33.11,33.1,33.09,33.08,362,605,800,1545,200,0,1405708,35016000,0,33.18,0,33.12,35016496,351427,33.09,27,33.18,,33.09,0,0,688335.SH,51936,18322,20210706,451920,13650,35.762,32.24
201957,0,33.21,33.24,33.25,33.39,33.47,883,300,1601,649,1179,33.12,33.11,33.1,33.09,33.08,362,1405,800,1545,200,0,1209640,35025000,0,33.18,0,33.12,35025981,302410,33.09,27,33.18,,33.09,0,0,688335.SH,51936,19122,20210706,451920,13650,35.762,32.277
205743,0,33.21,33.24,33.25,33.39,33.47,883,300,1601,649,1179,33.13,33.12,33.11,33.1,33.09,1000,362,1405,200,1545,0,1156804,35028000,0,33.18,0,33.12,35028976,289201,33.09,27,33.18,,33.09,0,0,688335.SH,51936,19522,20210706,451920,13650,35.762,32.295
209565,0,33.21,33.24,33.25,33.39,33.47,583,300,1601,649,1179,33.13,33.12,33.11,33.1,33.09,1000,162,1405,200,1545,0,3097676,35031000,0,33.21,0,33.21,35031972,774419,33.09,28,33.18,,33.09,0,0,688335.SH,51936,19322,20210706,461883,13950,35.795,32.287
212433,0,33.21,33.24,33.25,33.39,33.47,583,300,1601,649,1179,33.13,33.12,33.11,33.1,33.09,1200,162,1405,200,1545,0,2229256,35034000,0,33.21,0,33.21,35034653,557314,33.09,28,33.18,,33.09,0,0,688335.SH,51936,19522,20210706,461883,13950,35.795,32.295
232989,0,33.21,33.24,33.25,33.39,33.47,583,300,1601,649,1179,33.14,33.13,33.12,33.11,33.1,510,1200,162,1405,200,0,222360,35049000,0,33.21,0,33.21,35050008,55590,33.09,28,33.18,,33.09,0,0,688335.SH,51936,20032,20210706,461883,13950,35.795,32.317
236998,0,33.21,33.24,33.25,33.39,33.47,583,300,1601,649,1179,33.14,33.13,33.12,33.11,33.1,510,1000,162,1405,200,0,2407192,35052000,0,33.21,0,33.21,35053062,601798,33.09,28,33.18,,33.09,0,0,688335.SH,51936,19832,20210706,461883,13950,35.795,32.309
240818,0,33.21,33.24,33.25,33.39,33.47,583,300,1601,649,1179,33.14,33.13,33.12,33.11,33.1,3710,1000,162,1405,200,0,2784404,35055000,0,33.21,0,33.21,35056057,696101,33.09,28,33.18,,33.09,0,0,688335.SH,51936,23032,20210706,461883,13950,35.795,32.424
244658,0,33.21,33.24,33.25,33.39,33.47,83,300,1601,649,1179,33.14,33.13,33.12,33.11,33.1,3710,1000,162,1405,200,0,2845704,35058000,0,33.21,0,33.21,35059052,711426,33.09,29,33.18,,33.09,0,0,688335.SH,51436,23032,20210706,478488,14450,35.82,32.424
247706,0,33.24,33.25,33.39,33.47,33.48,300,1601,649,1179,1000,33.22,33.14,33.13,33.12,33.11,417,3710,1000,162,1405,0,1692900,35061000,0,33.21,0,33.21,35061798,423225,33.09,30,33.18,,33.09,0,0,688335.SH,51353,23449,20210706,481244,14533,35.824,32.438
250914,0,33.24,33.25,33.39,33.47,33.48,300,1601,649,1179,1000,33.22,33.14,33.13,33.12,33.11,417,3510,1000,162,1405,0,2254488,35064000,0,33.21,0,33.21,35064485,563622,33.09,30,33.18,,33.09,0,0,688335.SH,51353,23249,20210706,481244,14533,35.824,32.432
1861,0,33.24,33.25,33.39,33.47,33.48,300,1601,649,1179,1000,33.22,33.14,33.13,33.12,33.11,617,3510,1000,162,1405,0,3526520,35067000,0,33.21,0,33.21,35067538,881630,33.09,30,33.18,,33.09,0,0,688335.SH,51353,23923,20210706,481244,14533,35.824,32.451
27318,0,33.24,33.25,33.39,33.47,33.48,300,1601,649,1179,1000,33.22,33.14,33.13,33.12,33.11,617,3510,1000,162,1405,0,3660612,35086000,0,33.21,0,33.21,35086383,915153,33.09,30,33.18,,33.09,0,0,688335.SH,51353,25723,20210706,481244,14533,35.824,32.279
43122,0,33.24,33.25,33.39,33.47,33.48,300,1601,649,1179,1000,33.22,33.14,33.13,33.12,33.11,617,3510,1000,162,1405,0,2208064,35098000,0,33.21,0,33.21,35098739,552016,33.09,30,33.18,,33.09,0,0,688335.SH,51353,28723,20210706,481244,14533,35.824,31.672
56680,0,33.24,33.25,33.39,33.47,33.48,300,1601,849,1179,1000,33.22,33.14,33.13,33.12,33.11,617,3510,1000,162,1405,0,2472876,35109000,0,33.21,0,33.21,35109971,618219,33.09,30,33.18,,33.09,0,0,688335.SH,51553,28723,20210706,481244,14533,35.815,31.672
81899,0,33.24,33.25,33.39,33.47,33.48,300,1601,849,1179,1000,33.22,33.14,33.13,33.12,33.11,1017,3510,1000,162,1405,0,136476,35129000,0,33.21,0,33.21,35129253,34119,33.09,30,33.18,,33.09,0,0,688335.SH,51553,29123,20210706,481244,14533,35.815,31.693
85747,0,33.25,33.39,33.47,33.48,33.5,1601,849,1179,1000,500,33.23,33.22,33.14,33.12,33.11,700,1017,3510,162,1405,0,26452,35132000,0,33.24,0,33.24,35132248,6613,33.09,31,33.18,,33.09,0,0,688335.SH,51253,28823,20210706,491216,14833,35.83,31.681
89524,0,33.25,33.39,33.47,33.48,33.5,1601,849,1179,1000,500,33.23,33.22,33.14,33.12,33.11,700,817,3510,162,1405,0,155804,35134000,0,33.24,0,33.24,35134868,38951,33.09,31,33.18,,33.09,0,0,688335.SH,51253,28623,20210706,491216,14833,35.83,31.67
93344,0,33.25,33.39,33.47,33.48,33.5,1601,849,1179,1000,500,33.23,33.22,33.14,33.12,33.11,900,817,3510,162,1405,0,1705764,35137000,0,33.24,0,33.24,35137863,426441,33.09,31,33.18,,33.09,0,0,688335.SH,51253,28823,20210706,491216,14833,35.83,31.681
97164,0,33.25,33.39,33.47,33.48,33.5,1601,849,1179,1000,500,33.23,33.22,33.18,33.14,33.12,900,817,300,3510,162,0,548676,35140000,0,33.24,0,33.24,35140860,137169,33.09,31,33.18,,33.09,0,0,688335.SH,51253,29123,20210706,491216,14833,35.83,31.696
116375,0,33.25,33.39,33.47,33.48,33.5,801,849,1179,1000,500,33.23,33.22,33.18,33.14,33.12,900,817,300,3510,162,0,3439784,35156000,0,33.25,0,33.25,35156708,859946,33.09,32,33.18,,33.09,0,0,688335.SH,50453,29123,20210706,517816,15633,35.871,31.696
120156,0,33.39,33.47,33.48,33.5,33.57,849,1179,1000,500,600,33.23,33.22,33.18,33.14,33.12,900,817,300,3510,162,0,1960684,35159000,0,33.25,0,33.25,35159703,490171,33.09,34,33.18,,33.09,0,0,688335.SH,49652,29123,20210706,544450,16434,35.913,31.696
127636,0,33.39,33.47,33.48,33.5,33.51,849,1179,1000,500,200,33.23,33.22,33.18,33.14,33.12,900,817,300,3510,162,0,2356116,35165000,0,33.25,0,33.25,35165132,589029,33.09,34,33.18,,33.09,0,0,688335.SH,50052,29123,20210706,544450,16434,35.894,31.696
131630,0,33.39,33.47,33.48,33.5,33.51,1349,1179,1000,500,200,33.23,33.22,33.18,33.14,33.12,900,817,300,3510,162,0,2619240,35168000,0,33.25,0,33.25,35168190,654810,33.09,34,33.18,,33.09,0,0,688335.SH,50552,29123,20210706,544450,16434,35.87,31.696
135709,0,33.39,33.47,33.48,33.5,33.51,1349,1179,1000,500,200,33.23,33.22,33.18,33.14,33.12,900,817,300,3510,162,0,2650220,35171000,0,33.25,0,33.25,35171185,662555,33.09,34,33.18,,33.09,0,0,688335.SH,51552,29123,20210706,544450,16434,35.825,31.696
145974,0,33.39,33.47,33.48,33.5,33.51,2449,1179,1000,500,200,33.23,33.22,33.18,33.14,33.12,900,817,300,3510,162,0,340688,35178000,0,33.25,0,33.25,35179173,85172,33.09,34,33.18,,33.09,0,0,688335.SH,52652,29123,20210706,544450,16434,35.774,31.696
149964,0,33.39,33.47,33.48,33.5,33.51,2449,1179,1000,500,200,33.24,33.23,33.22,33.18,33.14,500,900,817,300,3510,0,2868464,35181000,0,33.25,0,33.25,35182230,717116,33.09,34,33.18,,33.09,0,0,688335.SH,52652,29461,20210706,544450,16434,35.774,31.714
153696,0,33.39,33.47,33.48,33.5,33.51,2449,1179,1000,500,200,33.24,33.23,33.22,33.18,33.14,500,700,817,300,3510,0,2439732,35185000,0,33.25,0,33.25,35185163,609933,33.09,34,33.18,,33.09,0,0,688335.SH,52652,28761,20210706,544450,16434,35.774,31.686
157514,0,33.39,33.47,33.48,33.5,33.51,2449,1179,1000,500,200,33.24,33.23,33.22,33.18,33.14,700,700,817,300,3510,0,792732,35187000,0,33.25,0,33.25,35188159,198183,33.09,34,33.18,,33.09,0,0,688335.SH,52652,28961,20210706,544450,16434,35.774,31.697
161555,0,33.39,33.47,33.48,33.5,33.51,2449,1179,500,500,200,33.24,33.23,33.22,33.18,33.15,700,700,817,300,1000,0,870548,35191000,0,33.25,0,33.25,35191219,217637,33.09,34,33.18,,33.09,0,0,688335.SH,52152,29961,20210706,544450,16434,35.796,31.745
165326,0,33.39,33.47,33.48,33.5,33.51,2049,1179,500,500,200,33.24,33.23,33.22,33.18,33.15,700,700,817,300,1000,0,2396764,35194000,0,33.39,0,33.39,35194212,599191,33.09,35,33.18,,33.09,0,0,688335.SH,51752,29961,20210706,557806,16834,35.814,31.745
185056,0,33.39,33.47,33.48,33.5,33.51,2049,1179,500,500,200,33.24,33.23,33.22,33.18,33.15,700,700,817,300,1000,0,1233096,35209000,0,33.39,0,33.39,35209437,308274,33.09,35,33.18,,33.09,0,0,688335.SH,52252,29961,20210706,557806,16834,35.794,31.745
189091,0,33.39,33.47,33.5,33.51,33.55,2049,1179,500,200,1000,33.24,33.23,33.22,33.18,33.15,700,700,817,300,1000,0,1365780,35212000,0,33.39,0,33.39,35212558,341445,33.09,35,33.18,,33.09,0,0,688335.SH,51752,29961,20210706,557806,16834,35.816,31.745
192573,0,33.39,33.47,33.5,33.51,33.55,2449,1179,500,200,1000,33.24,33.23,33.22,33.18,33.15,700,700,817,300,1000,0,2107352,35215000,0,33.39,0,33.39,35215427,526838,33.09,35,33.18,,33.09,0,0,688335.SH,52152,29961,20210706,557806,16834,35.798,31.745
205479,0,33.39,33.47,33.5,33.51,33.55,2449,1179,500,200,1000,33.24,33.23,33.22,33.18,33.15,700,700,817,500,1000,0,3082180,35226000,0,33.39,0,33.39,35226665,770545,33.09,35,33.18,,33.09,0,0,688335.SH,52152,30161,20210706,557806,16834,35.798,31.755
209296,0,33.39,33.45,33.47,33.5,33.51,2449,649,1179,500,200,33.24,33.23,33.22,33.18,33.15,700,700,817,500,1000,0,672068,35229000,0,33.39,0,33.39,35229656,168017,33.09,35,33.18,,33.09,0,0,688335.SH,53502,30161,20210706,557806,16834,35.797,31.755
219809,0,33.39,33.45,33.47,33.5,33.51,2449,649,1179,500,200,33.24,33.23,33.22,33.18,33.15,700,700,817,500,1000,0,2471024,35236000,0,33.39,0,33.39,35236772,617756,33.09,35,33.18,,33.09,0,0,688335.SH,53502,29556,20210706,557806,16834,35.797,31.727
223600,0,33.39,33.45,33.47,33.5,33.51,2449,649,1179,500,200,33.25,33.24,33.22,33.18,33.15,600,700,817,500,1000,0,1901412,35239000,0,33.39,0,33.39,35239767,475353,33.09,35,33.18,,33.09,0,0,688335.SH,53502,29456,20210706,557806,16834,35.797,31.722
227407,0,33.38,33.39,33.45,33.47,33.5,1100,2449,649,1179,500,33.25,33.24,33.22,33.18,33.15,600,500,817,500,1000,0,1078168,35242000,0,33.39,0,33.39,35242762,269542,33.09,35,33.18,,33.09,0,0,688335.SH,54602,29256,20210706,557806,16834,35.748,31.712
231209,0,33.38,33.39,33.45,33.47,33.5,1100,2449,649,1179,500,33.25,33.24,33.22,33.18,33.15,800,500,817,500,1000,0,2940564,35245000,0,33.39,0,33.39,35245757,735141,33.09,35,33.18,,33.09,0,0,688335.SH,54602,29456,20210706,557806,16834,35.748,31.722
236930,0,33.38,33.39,33.45,33.47,33.5,1300,2449,649,1179,500,33.25,33.24,33.22,33.18,33.15,800,500,817,500,1000,0,454508,35250000,0,33.39,0,33.39,35250934,113627,33.09,35,33.18,,33.09,0,0,688335.SH,54802,29456,20210706,557806,16834,35.739,31.722
3959,0,33.36,33.38,33.39,33.45,33.47,200,1300,2449,649,1179,33.25,33.24,33.22,33.18,33.15,800,500,817,500,1000,0,2461632,35266000,0,33.39,0,33.39,35266159,615408,33.09,35,33.18,,33.09,0,0,688335.SH,55002,29456,20210706,557806,16834,35.731,31.722
9039,0,33.36,33.38,33.39,33.45,33.47,200,1300,2449,649,1179,33.25,33.24,33.22,33.18,33.15,800,500,817,500,1000,0,545632,35269000,0,33.39,0,33.39,35269778,136408,33.09,35,33.18,,33.09,0,0,688335.SH,55002,28656,20210706,557806,16834,35.731,31.684
12870,0,33.36,33.38,33.39,33.45,33.47,200,1300,2449,649,1179,33.26,33.25,33.24,33.22,33.18,300,1000,500,817,500,0,1242604,35272000,0,33.39,0,33.39,35272773,310651,33.09,35,33.18,,33.09,0,0,688335.SH,55502,29156,20210706,557806,16834,35.711,31.711
16634,0,33.36,33.38,33.39,33.45,33.47,200,1300,2449,3149,1179,33.26,33.25,33.22,33.18,33.15,300,1000,817,500,1000,0,2348644,35275000,0,33.39,0,33.39,35275773,587161,33.09,35,33.18,,33.09,0,0,688335.SH,58002,28656,20210706,557806,16834,35.614,31.684
20412,0,33.36,33.38,33.39,33.45,33.47,200,1300,2449,3149,1179,33.25,33.22,33.18,33.15,33.14,1000,817,500,1000,3510,0,3458636,35278000,0,33.39,0,33.39,35278768,864659,33.09,35,33.18,,33.09,0,0,688335.SH,58002,28356,20210706,557806,16834,35.614,31.667
28550,0,33.36,33.38,33.39,33.45,33.47,200,1300,2449,3149,1431,33.25,33.22,33.18,33.15,33.14,1000,817,500,1000,3510,0,2173504,35286000,0,33.39,0,33.39,35286252,543376,33.09,35,33.18,,33.09,0,0,688335.SH,58254,28356,20210706,557806,16834,35.605,31.667
32372,0,33.36,33.38,33.39,33.45,33.47,200,1300,1349,3149,1431,33.25,33.22,33.18,33.15,33.14,1000,817,500,1000,3510,0,2485164,35289000,0,33.39,0,33.39,35289247,621291,33.09,35,33.18,,33.09,0,0,688335.SH,56654,28356,20210706,557806,16834,35.665,31.667
39701,0,33.36,33.38,33.39,33.45,33.47,200,1300,1349,3149,1431,33.25,33.22,33.18,33.15,33.14,1000,817,500,1000,3510,0,118736,35294000,0,33.39,0,33.39,35294743,29684,33.09,35,33.18,,33.09,0,0,688335.SH,56054,28356,20210706,557806,16834,35.688,31.667
43490,0,33.38,33.39,33.45,33.47,33.5,1300,1349,3149,1431,500,33.36,33.25,33.22,33.18,33.15,200,1000,817,500,1000,0,2228160,35297000,0,33.39,0,33.36,35297737,557040,33.09,36,33.18,,33.09,0,0,688335.SH,57154,28556,20210706,564478,17034,35.663,31.679
47666,0,33.38,33.39,33.45,33.47,33.5,1300,1349,3149,1431,500,33.36,33.25,33.22,33.18,33.15,500,1000,817,500,1000,0,3351840,35301000,0,33.39,0,33.36,35301354,837960,33.09,36,33.18,,33.09,0,0,688335.SH,57154,28856,20210706,564478,17034,35.663,31.697
51469,0,33.38,33.39,33.45,33.47,33.5,200,1349,3149,1431,500,33.36,33.25,33.22,33.18,33.15,700,800,817,500,1000,0,3668868,35304000,0,33.39,0,33.36,35304351,917217,33.09,36,33.18,,33.09,0,0,688335.SH,56054,28856,20210706,564478,17034,35.708,31.697
55230,0,33.38,33.39,33.45,33.47,33.5,200,1349,3149,1431,500,33.36,33.25,33.22,33.18,33.15,500,800,817,500,1000,0,3529740,35307000,0,33.39,0,33.36,35307347,882435,33.09,37,33.18,,33.09,0,0,688335.SH,56433,28656,20210706,571150,17234,35.694,31.686
73328,0,33.38,33.39,33.45,33.47,33.49,200,1349,3149,1431,200,33.36,33.25,33.22,33.18,33.15,500,800,817,500,1000,0,1403084,35320000,0,33.39,0,33.36,35321133,350771,33.09,37,33.18,,33.09,0,0,688335.SH,56633,28656,20210706,571150,17234,35.686,31.686
80587,0,33.38,33.39,33.45,33.47,33.49,200,1349,3149,1431,200,33.36,33.25,33.22,33.18,33.15,500,800,817,500,1000,0,3327908,35326000,0,33.39,0,33.36,35326749,831977,33.09,37,33.18,,33.09,0,0,688335.SH,56633,28856,20210706,571150,17234,35.686,31.693
84294,0,33.36,33.38,33.39,33.45,33.47,1700,200,1349,3149,1431,33.25,33.22,33.18,33.15,33.14,800,817,500,1000,3510,0,1956844,35329000,0,33.39,0,33.36,35329745,489211,33.09,39,33.18,,33.09,0,0,688335.SH,58333,28356,20210706,587830,17734,35.619,31.664
126145,0,33.35,33.36,33.38,33.39,33.45,500,1700,200,1349,3149,33.25,33.22,33.18,33.15,33.14,800,817,500,1000,3510,0,3454220,35364000,0,33.39,0,33.36,35364256,863555,33.09,39,33.18,,33.09,0,0,688335.SH,58833,28356,20210706,587830,17734,35.599,31.664
129921,0,33.35,33.36,33.38,33.39,33.45,500,1700,200,1349,3149,33.25,33.22,33.18,33.16,33.15,800,817,500,520,1000,0,2453840,35367000,0,33.39,0,33.36,35367253,613460,33.09,39,33.18,,33.09,0,0,688335.SH,58833,28876,20210706,587830,17734,35.599,31.691
137200,0,33.35,33.36,33.38,33.39,33.45,500,1700,200,1349,3149,33.25,33.22,33.18,33.16,33.15,800,817,500,520,1000,0,3702060,35372000,0,33.39,0,33.36,35373050,925515,33.09,39,33.18,,33.09,0,0,688335.SH,58833,28366,20210706,587830,17734,35.599,31.665
144236,0,33.35,33.36,33.38,33.39,33.45,500,1700,200,1349,3149,33.25,33.22,33.18,33.16,33.15,800,817,500,520,1000,0,1540924,35377000,0,33.39,0,33.36,35377610,385231,33.09,39,33.18,,33.09,0,0,688335.SH,58833,28166,20210706,587830,17734,35.599,31.656
148114,0,33.35,33.36,33.38,33.39,33.44,500,1700,200,1349,300,33.25,33.22,33.18,33.16,33.15,800,817,500,520,1000,0,3903960,35380000,0,33.39,0,33.36,35380912,975990,33.09,39,33.18,,33.09,0,0,688335.SH,59133,28166,20210706,587830,17734,35.588,31.656
168063,0,33.35,33.36,33.38,33.39,33.43,500,1700,200,1349,200,33.25,33.22,33.18,33.16,33.15,800,817,500,520,1000,0,2068492,35397000,0,33.39,0,33.36,35397825,517123,33.09,39,33.18,,33.09,0,0,688335.SH,59333,28166,20210706,587830,17734,35.581,31.656
193418,0,33.35,33.36,33.38,33.39,33.43,500,1700,200,1349,200,33.25,33.22,33.18,33.16,33.15,800,817,500,520,1000,0,2917804,35417000,0,33.39,0,33.36,35418041,729451,33.09,39,33.18,,33.09,0,0,688335.SH,59533,28166,20210706,587830,17734,35.595,31.656
200741,0,33.35,33.36,33.38,33.39,33.43,500,1700,400,1349,200,33.25,33.22,33.18,33.16,33.15,800,817,500,520,1000,0,50808,35423000,0,33.39,0,33.36,35423283,12702,33.09,39,33.18,,33.09,0,0,688335.SH,59733,28166,20210706,587830,17734,35.588,31.656
208943,0,33.35,33.36,33.38,33.39,33.43,500,1700,400,1349,379,33.25,33.22,33.18,33.16,33.15,800,817,500,520,1000,0,277576,35430000,0,33.39,0,33.36,35430524,69394,33.09,39,33.18,,33.09,0,0,688335.SH,59912,28166,20210706,587830,17734,35.581,31.656
213617,0,33.35,33.38,33.39,33.43,33.44,500,400,1349,379,300,33.25,33.22,33.18,33.16,33.15,800,817,500,520,1000,0,1332304,35433000,0,33.39,0,33.36,35433891,333076,33.09,39,33.18,,33.09,0,0,688335.SH,58212,28166,20210706,587830,17734,35.646,31.656
234636,0,33.35,33.38,33.39,33.43,33.44,500,400,1349,379,300,33.25,33.22,33.18,33.16,33.15,800,817,500,520,1000,0,1195760,35450000,0,33.39,0,33.36,35450742,298940,33.09,39,33.18,,33.09,0,0,688335.SH,58812,28166,20210706,587830,17734,35.649,31.656
246300,0,33.35,33.38,33.39,33.43,33.44,500,400,1349,379,300,33.25,33.22,33.18,33.16,33.15,800,817,500,520,1000,0,3898484,35460000,0,33.39,0,33.36,35460536,974621,33.09,39,33.18,,33.09,0,0,688335.SH,58812,29166,20210706,587830,17734,35.649,31.705
250037,0,33.34,33.35,33.38,33.39,33.43,250,500,400,1349,379,33.25,33.22,33.18,33.16,33.15,800,817,500,520,1000,0,1044244,35463000,0,33.39,0,33.36,35463533,261061,33.09,39,33.18,,33.09,0,0,688335.SH,59062,29166,20210706,587830,17734,35.64,31.705
11897,0,33.34,33.35,33.38,33.39,33.43,250,500,400,1349,379,33.25,33.22,33.18,33.16,33.15,600,817,500,520,1000,0,3330632,35473000,0,33.39,0,33.36,35473392,832658,33.09,39,33.18,,33.09,0,0,688335.SH,59062,28966,20210706,587830,17734,35.64,31.695
15819,0,33.34,33.35,33.38,33.39,33.43,250,500,400,1349,379,33.25,33.22,33.18,33.16,33.15,600,817,500,520,1000,0,2023868,35476000,0,33.39,0,33.36,35476448,505967,33.09,39,33.18,,33.09,0,0,688335.SH,59962,28966,20210706,587830,17734,35.701,31.695
35067,0,33.34,33.35,33.38,33.39,33.43,250,500,400,1349,379,33.25,33.22,33.18,33.16,33.15,600,817,500,520,1000,0,3777188,35491000,0,33.39,0,33.36,35491862,944297,33.09,39,33.18,,33.09,0,0,688335.SH,60162,28966,20210706,587830,17734,35.695,31.695
53826,0,33.35,33.38,33.39,33.43,33.44,500,400,1349,379,300,33.34,33.25,33.22,33.18,33.16,50,600,817,500,520,0,3091768,35507000,0,33.39,0,33.34,35507835,772942,33.09,40,33.18,,33.09,0,0,688335.SH,59912,29016,20210706,596165,17984,35.705,31.698
72397,0,33.35,33.38,33.39,33.43,33.44,500,400,1349,379,300,33.34,33.25,33.22,33.18,33.16,50,600,817,500,520,0,2604520,35522000,0,33.39,0,33.34,35523001,651130,33.09,40,33.18,,33.09,0,0,688335.SH,60112,29016,20210706,596165,17984,35.698,31.698
96787,0,33.34,33.35,33.38,33.39,33.43,150,500,400,1349,379,33.25,33.22,33.18,33.16,33.15,600,817,500,520,1000,0,3962164,35541000,0,33.39,0,33.34,35542094,990541,33.09,41,33.18,,33.09,0,0,688335.SH,60262,28966,20210706,597832,18034,35.692,31.695
110157,0,33.34,33.35,33.38,33.39,33.43,150,500,400,1349,379,33.25,33.22,33.18,33.16,33.15,600,817,500,520,1000,0,1140924,35553000,0,33.39,0,33.34,35553517,285231,33.09,41,33.18,,33.09,0,0,688335.SH,68562,28966,20210706,597832,18034,35.42,31.695
113858,0,33.34,33.35,33.38,33.39,33.43,150,500,400,1349,379,33.23,33.22,33.18,33.16,33.15,2000,817,500,520,1000,0,2868820,35556000,0,33.39,0,33.34,35556511,717205,33.09,41,33.18,,33.09,0,0,688335.SH,68562,30366,20210706,597832,18034,35.42,31.765
117518,0,33.34,33.35,33.38,33.39,33.43,150,500,400,1349,379,33.23,33.22,33.18,33.16,33.15,2200,817,500,520,1000,0,1628008,35559000,0,33.39,0,33.34,35559506,407002,33.09,41,33.18,,33.09,0,0,688335.SH,68562,30566,20210706,597832,18034,35.42,31.775
146591,0,33.23,33.34,33.35,33.38,33.39,17800,150,500,400,1349,33.22,33.18,33.16,33.15,33.14,817,500,520,1000,3000,0,384456,35581000,0,33.39,0,33.23,35582095,96114,33.09,43,33.18,,33.09,0,0,688335.SH,86362,28366,20210706,670938,20234,34.968,31.662
150330,0,33.21,33.22,33.23,33.34,33.35,226,783,17800,150,500,33.18,33.16,33.15,33.14,33.11,500,520,1000,3000,1000,0,2954396,35584000,0,33.39,0,33.22,35585089,738599,33.09,45,33.18,,33.09,0,0,688335.SH,87371,27549,20210706,698078,21051,34.948,31.616
153965,0,33.21,33.22,33.23,33.34,33.35,226,783,17800,150,500,33.18,33.17,33.16,33.15,33.14,500,2000,520,1000,3000,0,298676,35587000,0,33.39,0,33.22,35587774,74669,33.09,45,33.18,,33.09,0,0,688335.SH,87371,29549,20210706,698078,21051,34.948,31.721
209415,0,33.21,33.22,33.23,33.34,33.35,226,783,17800,150,500,33.18,33.17,33.16,33.15,33.14,500,2000,520,1000,3000,0,228912,35632000,0,33.39,0,33.22,35632513,57228,33.09,45,33.18,,33.09,0,0,688335.SH,87371,30549,20210706,698078,21051,34.948,31.764
216785,0,33.21,33.22,33.23,33.34,33.35,226,783,17800,150,500,33.18,33.17,33.16,33.15,33.14,500,2000,520,1000,3000,0,2038032,35638000,0,33.39,0,33.22,35638506,509508,33.09,45,33.18,,33.09,0,0,688335.SH,87371,30749,20210706,698078,21051,34.948,31.773
10399,0,33.21,33.22,33.23,33.34,33.35,226,783,17800,150,500,33.14,33.13,33.11,33.1,33.09,2020,200,1000,200,1545,0,1665468,35676000,0,33.39,0,33.14,35676379,416367,33.09,51,33.18,,33.09,0,0,688335.SH,87371,25749,20210706,863879,26051,34.948,31.503
17149,0,33.21,33.22,33.23,33.34,33.35,226,783,17800,150,500,33.14,33.13,33.11,33.1,33.09,2020,200,1000,200,1545,0,314388,35680000,0,33.39,0,33.14,35680810,78597,33.09,51,33.18,,33.09,0,0,688335.SH,89472,25749,20210706,863879,26051,35.055,31.503
28002,0,33.21,33.22,33.23,33.34,33.35,226,783,17800,150,500,33.14,33.13,33.11,33.1,33.09,2020,200,1000,200,1545,0,2293956,35689000,0,33.39,0,33.14,35689609,573489,33.09,51,33.18,,33.09,0,0,688335.SH,104372,25749,20210706,863879,26051,34.89,31.503
35918,0,33.21,33.22,33.23,33.34,33.35,426,783,17800,150,500,33.14,33.13,33.11,33.1,33.09,2020,200,1000,200,1545,0,1314632,35697000,0,33.39,0,33.14,35697283,328658,33.09,51,33.18,,33.09,0,0,688335.SH,104572,25749,20210706,863879,26051,34.887,31.503
42405,0,33.21,33.22,33.23,33.34,33.35,426,783,17800,150,500,33.14,33.13,33.11,33.1,33.09,3803,200,1000,200,1545,0,2259924,35701000,0,33.39,0,33.14,35701468,564981,33.09,51,33.18,,33.09,0,0,688335.SH,104572,27532,20210706,863879,26051,34.887,31.609
58392,0,33.21,33.22,33.23,33.34,33.35,426,783,17800,150,500,33.14,33.13,33.11,33.1,33.09,3803,500,1000,200,1545,0,3889200,35715000,0,33.39,0,33.14,35715628,972300,33.09,51,33.18,,33.09,0,0,688335.SH,104572,27832,20210706,863879,26051,34.887,31.626
77683,0,33.21,33.22,33.23,33.34,33.35,426,783,17800,150,500,33.14,33.13,33.11,33.1,33.09,803,500,1000,200,1545,0,512216,35730000,0,33.39,0,33.14,35730980,128054,33.09,53,33.18,,33.09,0,0,688335.SH,104572,24832,20210706,963299,29051,34.887,31.443
94271,0,33.21,33.22,33.23,33.34,33.35,426,783,17800,150,500,33.14,33.13,33.11,33.1,33.09,3,500,1000,200,1545,0,3544700,35743000,0,33.39,0,33.14,35744083,886175,33.09,54,33.18,,33.09,0,0,688335.SH,104572,24032,20210706,989811,29851,34.887,31.386
97900,0,33.14,33.2,33.21,33.22,33.23,197,800,426,783,17800,33.13,33.11,33.09,33.08,33.03,500,1000,1545,200,1000,0,3894764,35746000,0,33.39,0,33.14,35747078,973691,33.09,55,33.18,,33.09,0,0,688335.SH,105569,23829,20210706,989910,29854,34.871,31.372
101511,0,33.13,33.14,33.2,33.21,33.22,100,197,800,426,783,33.11,33.09,33.08,33.03,32.99,1000,1545,200,1000,1200,0,2848416,35749000,0,33.39,0,33.13,35750074,712104,33.09,57,33.18,,33.09,0,0,688335.SH,105669,23329,20210706,1006475,30354,34.869,31.334
108815,0,33.13,33.2,33.21,33.22,33.23,100,800,426,783,17800,33.11,33.09,33.08,33.03,32.99,1000,1545,200,1000,1200,0,1533856,35756000,0,33.39,0,33.13,35756504,383464,33.09,57,33.18,,33.09,0,0,688335.SH,105472,23329,20210706,1006475,30354,34.872,31.334
112441,0,33.2,33.21,33.22,33.23,33.34,800,426,783,17800,150,33.11,33.09,33.08,33.03,32.99,1000,1545,200,1000,1200,0,90952,35759000,0,33.39,0,33.13,35759499,22738,33.09,57,33.18,,33.09,0,0,688335.SH,105372,23329,20210706,1006475,30354,34.874,31.334
116101,0,33.2,33.22,33.23,33.34,33.35,800,783,17800,150,500,33.11,33.09,33.08,33.03,32.99,1000,1545,200,1000,1200,0,3245564,35762000,0,33.39,0,33.13,35762493,811391,33.09,57,33.18,,33.09,0,0,688335.SH,104946,23329,20210706,1006475,30354,34.881,31.334
119742,0,33.2,33.22,33.23,33.34,33.35,1000,783,17800,150,500,33.11,33.09,33.08,33.03,32.99,1000,1545,200,1000,1200,0,1347208,35765000,0,33.39,0,33.13,35765491,336802,33.09,57,33.18,,33.09,0,0,688335.SH,105146,23329,20210706,1006475,30354,34.878,31.334
123379,0,33.2,33.22,33.23,33.34,33.35,1000,783,17800,150,500,33.11,33.09,33.08,33.03,32.99,1000,1545,2200,1000,1200,0,2790544,35768000,0,33.39,0,33.13,35768544,697636,33.09,57,33.18,,33.09,0,0,688335.SH,105146,25329,20210706,1006475,30354,34.878,31.472
143257,0,33.2,33.22,33.23,33.34,33.35,1000,783,17800,150,500,33.12,33.11,33.09,33.08,33.03,1540,1000,1545,2200,1000,0,2892300,35784000,0,33.39,0,33.13,35785022,723075,33.09,57,33.18,,33.09,0,0,688335.SH,105146,26869,20210706,1006475,30354,34.878,31.566
152290,0,33.2,33.22,33.23,33.34,33.35,1000,783,17800,150,500,33.12,33.11,33.1,33.09,33.08,1540,1000,300,1545,2200,0,2984808,35791000,0,33.39,0,33.13,35792009,746202,33.09,57,33.18,,33.09,0,0,688335.SH,105146,27169,20210706,1006475,30354,34.878,31.583
159611,0,33.2,33.22,33.23,33.34,33.35,1000,783,17800,150,500,33.12,33.11,33.1,33.09,33.08,1540,1000,300,1545,2200,0,3359784,35798000,0,33.39,0,33.13,35798683,839946,33.09,57,33.18,,33.09,0,0,688335.SH,105146,26769,20210706,1006475,30354,34.878,31.568
204109,0,33.2,33.22,33.23,33.34,33.35,1000,783,17800,150,500,33.12,33.11,33.1,33.09,33.08,1540,1000,300,1545,2200,0,2802856,35835000,0,33.39,0,33.13,35835874,700714,33.09,57,33.18,,33.09,0,0,688335.SH,105146,27769,20210706,1006475,30354,34.878,31.62
209620,0,33.2,33.22,33.23,33.34,33.35,1000,783,17800,150,500,33.12,33.1,33.09,33.08,33.03,1540,300,1545,2200,1000,0,510140,35839000,0,33.39,0,33.13,35839497,127535,33.09,57,33.18,,33.09,0,0,688335.SH,105146,26769,20210706,1006475,30354,34.878,31.564
222507,0,33.2,33.22,33.23,33.34,33.35,1000,783,17800,150,500,33.12,33.1,33.09,33.08,33.03,1540,300,1545,2200,1000,0,2554204,35850000,0,33.39,0,33.13,35850979,638551,33.09,57,33.18,,33.09,0,0,688335.SH,105146,26469,20210706,1006475,30354,34.878,31.552
241952,0,33.19,33.2,33.22,33.23,33.34,700,1000,783,17800,150,33.12,33.1,33.09,33.08,33.03,1540,300,1545,2200,1000,0,557300,35866000,0,33.39,0,33.13,35866451,139325,33.09,57,33.18,,33.09,0,0,688335.SH,105846,26469,20210706,1006475,30354,34.867,31.552
1796,0,33.19,33.2,33.22,33.23,33.34,700,1000,783,17800,150,33.12,33.1,33.09,33.08,33.03,1540,300,1545,2200,1000,0,2918360,35875000,0,33.39,0,33.13,35876060,729590,33.09,57,33.18,,33.09,0,0,688335.SH,105846,26969,20210706,1006475,30354,34.867,31.579
5440,0,33.19,33.2,33.22,33.23,33.34,700,1000,783,17800,150,33.12,33.1,33.09,33.08,33.03,340,300,1545,2200,1000,0,1179564,35878000,0,33.39,0,33.12,35879055,294891,33.09,58,33.18,,33.09,0,0,688335.SH,105846,25769,20210706,1046219,31554,34.867,31.507
9091,0,33.12,33.19,33.2,33.22,33.23,60,700,800,783,17800,33.1,33.09,33.08,33.03,33.01,300,1545,2200,1000,1000,0,3820188,35881000,0,33.39,0,33.12,35882050,955047,33.09,59,33.18,,33.09,0,0,688335.SH,105706,25429,20210706,1057480,31894,34.869,31.485
12747,0,33.1,33.12,33.19,33.2,33.22,100,60,700,800,783,33.09,33.08,33.03,33.01,33.0,1545,2200,1000,1000,500,0,2111356,35884000,0,33.39,0,33.1,35885047,527839,33.09,60,33.18,,33.09,0,0,688335.SH,105806,25129,20210706,1067410,32194,34.867,31.466
20078,0,33.1,33.19,33.2,33.22,33.23,100,700,800,783,17800,33.09,33.08,33.03,33.01,33.0,1545,2200,1000,1000,500,0,1029384,35891000,0,33.39,0,33.1,35891473,257346,33.09,60,33.18,,33.09,0,0,688335.SH,105746,25129,20210706,1067410,32194,34.868,31.466
23708,0,33.19,33.2,33.22,33.23,33.34,700,800,783,17800,150,33.09,33.08,33.03,33.01,33.0,1545,2200,1000,1000,500,0,2574288,35894000,0,33.39,0,33.1,35894468,643572,33.09,60,33.18,,33.09,0,0,688335.SH,105646,25129,20210706,1067410,32194,34.87,31.466
27333,0,33.19,33.2,33.22,33.23,33.34,900,800,783,17800,150,33.09,33.08,33.03,33.01,33.0,1545,2200,1000,1000,500,0,642508,35897000,0,33.39,0,33.1,35897401,160627,33.09,60,33.18,,33.09,0,0,688335.SH,105846,25129,20210706,1067410,32194,34.866,31.466
36691,0,33.19,33.2,33.22,33.23,33.34,900,800,783,17800,150,33.09,33.08,33.03,33.01,33.0,1745,2200,1000,1000,500,0,3183992,35904000,0,33.39,0,33.1,35905139,795998,33.09,60,33.18,,33.09,0,0,688335.SH,105846,25329,20210706,1067410,32194,34.866,31.479
59430,0,33.19,33.22,33.23,33.34,33.35,900,783,17800,150,500,33.09,33.08,33.03,33.01,33.0,45,2200,1000,1000,500,0,2522400,35923000,0,33.39,0,33.09,35924047,630600,33.09,62,33.18,,33.09,0,0,688335.SH,105046,23629,20210706,1123663,33894,34.879,31.363
63489,0,33.18,33.19,33.22,33.23,33.34,700,900,783,17800,150,33.09,33.08,33.03,33.01,33.0,45,2200,1000,1000,500,0,789012,35928000,0,33.39,0,33.09,35928232,197253,33.09,62,33.18,,33.09,0,0,688335.SH,105746,23629,20210706,1123663,33894,34.868,31.363
67039,0,33.18,33.19,33.22,33.23,33.34,700,700,783,17800,150,33.09,33.08,33.03,33.01,33.0,45,2200,1000,1000,1000,0,856064,35931000,0,33.39,0,33.09,35931225,214016,33.09,62,33.18,,33.09,0,0,688335.SH,105546,24129,20210706,1123663,33894,34.871,31.397
70633,0,33.18,33.19,33.22,33.23,33.34,900,700,783,17800,150,33.09,33.08,33.03,33.01,33.0,45,2200,1000,1000,1000,0,2195308,35934000,0,33.39,0,33.09,35934222,548827,33.09,62,33.18,,33.09,0,0,688335.SH,105746,24129,20210706,1123663,33894,34.868,31.397
78836,0,33.18,33.19,33.22,33.23,33.34,900,700,783,17800,150,33.09,33.08,33.03,33.01,33.0,45,2200,1000,1000,1000,0,2849976,35940000,0,33.39,0,33.09,35940895,712494,33.09,62,33.18,,33.09,0,0,688335.SH,105746,21129,20210706,1123663,33894,34.868,32.096
84563,0,33.18,33.19,33.22,33.23,33.34,900,700,783,17800,150,33.09,33.08,33.03,33.01,33.0,45,2200,1000,1000,1000,0,1940676,35945000,0,33.39,0,33.09,35945387,485169,33.09,62,33.18,,33.09,0,0,688335.SH,105746,19329,20210706,1123663,33894,34.868,32.293
88181,0,33.18,33.19,33.22,33.23,33.34,900,700,783,17800,150,33.09,33.08,33.03,33.01,33.0,45,2200,1000,1000,1000,0,1842488,35948000,0,33.39,0,33.09,35948382,460622,33.09,62,33.18,,33.09,0,0,688335.SH,105746,18329,20210706,1123663,33894,34.868,32.255
102466,0,33.18,33.19,33.22,33.23,33.34,900,700,783,17800,150,33.09,33.08,33.03,33.01,33.0,45,2200,1000,1000,1000,0,1799748,35960000,0,33.39,0,33.09,35960239,449937,33.09,62,33.18,,33.09,0,0,688335.SH,105746,18829,20210706,1123663,33894,34.868,32.221
109819,0,33.18,33.19,33.22,33.23,33.34,900,700,783,17800,150,33.09,33.08,33.03,33.01,33.0,45,2200,1000,1000,1000,0,3940912,35966000,0,33.39,0,33.09,35966915,985228,33.09,62,33.18,,33.09,0,0,688335.SH,105746,19329,20210706,1123663,33894,34.868,32.138
117920,0,33.18,33.19,33.22,33.23,33.34,900,700,783,17800,150,33.09,33.08,33.03,33.01,33.0,590,2200,1000,1000,1000,0,1939588,35973000,0,33.39,0,33.09,35973779,484897,33.09,62,33.18,,33.09,0,0,688335.SH,105746,19874,20210706,1123663,33894,34.868,32.164
121535,0,33.18,33.19,33.22,33.23,33.34,900,700,783,17800,150,33.09,33.08,33.03,33.01,33.0,590,2200,1000,1000,1000,0,3226264,35976000,0,33.39,0,33.09,35976774,806566,33.09,62,33.18,,33.09,0,0,688335.SH,105746,20374,20210706,1123663,33894,34.868,32.062
127466,0,33.18,33.19,33.22,33.23,33.34,900,700,783,17800,150,33.09,33.08,33.03,33.01,33.0,590,2200,1000,1000,1000,0,2247148,35981000,0,33.39,0,33.09,35981206,561787,33.09,62,33.18,,33.09,0,0,688335.SH,105746,20874,20210706,1123663,33894,34.868,31.941
134820,0,33.18,33.19,33.22,33.23,33.34,900,700,783,17800,150,33.09,33.08,33.03,33.01,33.0,1054,2200,1000,1000,1000,0,3429148,35987000,0,33.39,0,33.09,35987694,857287,33.09,62,33.18,,33.09,0,0,688335.SH,105746,21338,20210706,1123663,33894,34.868,31.966
181958,0,33.18,33.19,33.22,33.23,33.34,900,700,783,17800,150,33.1,33.09,33.08,33.03,33.01,2053,1054,2200,1000,1000,0,3712212,36026000,0,33.39,0,33.09,36026195,928053,33.09,62,33.18,,33.09,0,0,688335.SH,105746,23391,20210706,1123663,33894,34.868,32.065
203914,0,33.1,33.18,33.19,33.22,33.23,2947,900,700,783,17800,33.09,33.08,33.03,33.01,33.0,1054,2200,1000,1000,1000,0,3023000,36044000,0,33.39,0,33.1,36044416,755750,33.09,63,33.18,,33.09,0,0,688335.SH,108693,21338,20210706,1191617,35947,34.82,31.966
222039,0,33.1,33.18,33.19,33.22,33.23,2947,900,700,783,17800,33.09,33.08,33.03,33.01,33.0,1254,2200,1000,1000,1000,0,591432,36059000,0,33.39,0,33.1,36059954,147858,33.09,63,33.18,,33.09,0,0,688335.SH,108693,21538,20210706,1191617,35947,34.82,31.976
225588,0,33.1,33.18,33.22,33.23,33.34,2947,900,783,17800,150,33.09,33.08,33.03,33.01,33.0,1254,2200,1000,1000,1000,0,2043108,36062000,0,33.39,0,33.1,36062949,510777,33.09,63,33.18,,33.09,0,0,688335.SH,107993,21538,20210706,1191617,35947,34.831,31.976
236404,0,33.1,33.18,33.22,33.23,33.34,2947,900,783,17800,150,33.09,33.08,33.03,33.01,33.0,1254,2200,1000,1000,1300,0,2215032,36071000,0,33.39,0,33.1,36072060,553758,33.09,63,33.18,,33.09,0,0,688335.SH,107993,21838,20210706,1191617,35947,34.831,31.99
240012,0,33.1,33.18,33.23,33.34,33.35,2947,900,17800,150,500,33.09,33.08,33.03,33.01,33.0,1254,2200,1000,1000,1300,0,2264948,36074000,0,33.39,0,33.1,36075055,566237,33.09,63,33.18,,33.09,0,0,688335.SH,107210,21838,20210706,1191617,35947,34.842,31.99
250638,0,33.1,33.18,33.23,33.34,33.35,2747,900,17800,150,500,33.09,33.08,33.03,33.01,33.0,1254,2200,1000,1000,1300,0,597684,36083000,0,33.39,0,33.1,36083855,149421,33.09,64,33.18,,33.09,0,0,688335.SH,107010,21838,20210706,1198237,36147,34.846,31.99
6588,0,33.1,33.18,33.23,33.34,33.35,2747,900,17800,150,500,33.09,33.08,33.03,33.01,33.0,1254,2200,1000,1000,1300,0,3067852,36089000,0,33.39,0,33.1,36089594,766963,33.09,64,33.18,,33.09,0,0,688335.SH,107010,22551,20210706,1198237,36147,34.846,32.017
35043,0,33.1,33.18,33.23,33.34,33.35,931,900,17800,150,500,33.09,33.08,33.03,33.01,33.0,1254,2200,1000,1000,1300,0,3127996,36113000,0,33.39,0,33.1,36113120,781999,33.09,65,33.18,,33.09,0,0,688335.SH,105194,22551,20210706,1258347,37963,34.876,32.017
38625,0,33.09,33.1,33.18,33.23,33.34,746,931,900,17800,150,33.08,33.03,33.01,33.0,32.99,2200,1000,1000,1300,200,0,384756,36115000,0,33.39,0,33.09,36116240,96189,33.09,69,33.18,,33.09,0,0,688335.SH,105940,21497,20210706,1299842,39217,34.863,31.959
42060,0,33.09,33.1,33.18,33.23,33.34,746,931,200,17800,150,33.08,33.03,33.01,33.0,32.99,2200,1000,1000,1300,200,0,2092256,36118000,0,33.39,0,33.09,36118798,523064,33.09,69,33.18,,33.09,0,0,688335.SH,105240,21497,20210706,1299842,39217,34.874,31.959
45619,0,33.09,33.1,33.18,33.23,33.34,746,931,200,17800,150,33.08,33.03,33.01,33.0,32.99,1400,1000,1000,1300,200,0,1954108,36121000,0,33.39,0,33.08,36121795,488527,33.08,71,33.18,,33.09,0,0,688335.SH,105240,21010,20210706,1326306,40017,34.874,31.929
49199,0,33.09,33.1,33.18,33.23,33.34,746,931,200,17800,150,33.03,33.01,33.0,32.99,32.94,1000,1000,1300,200,500,0,2295048,36124000,0,33.39,0,33.08,36124850,573762,33.08,72,33.18,,33.09,0,0,688335.SH,105240,19610,20210706,1372618,41417,34.874,31.847
59350,0,33.09,33.1,33.18,33.23,33.34,546,931,200,17800,150,33.03,33.01,33.0,32.99,32.94,1000,1000,1300,200,500,0,794868,36133000,0,33.39,0,33.09,36133340,198717,33.08,73,33.18,,33.09,0,0,688335.SH,105040,19610,20210706,1379236,41617,34.878,31.847
64642,0,33.09,33.1,33.18,33.23,33.34,546,931,200,17800,150,33.03,33.01,33.0,32.99,32.94,1000,1000,1300,200,500,0,3630744,36138000,0,33.39,0,33.09,36138703,907686,33.08,73,33.18,,33.09,0,0,688335.SH,106010,19910,20210706,1379236,41617,34.922,31.86
78233,0,33.09,33.1,33.18,33.23,33.34,546,931,200,17800,150,33.04,33.03,33.01,33.0,32.99,200,1000,1000,1300,200,0,908888,36150000,0,33.39,0,33.09,36150185,227222,33.08,73,33.18,,33.09,0,0,688335.SH,106010,20110,20210706,1379236,41617,34.922,31.872
92180,0,33.09,33.1,33.18,33.23,33.34,546,931,200,17800,150,33.04,33.03,33.01,33.0,32.99,400,1000,1000,1300,200,0,3367380,36161000,0,33.39,0,33.09,36161666,841845,33.08,73,33.18,,33.09,0,0,688335.SH,106010,20310,20210706,1379236,41617,34.922,31.883
99139,0,33.09,33.1,33.18,33.23,33.34,546,931,200,17800,150,33.04,33.03,33.01,33.0,32.99,600,1000,1000,1300,200,0,2091628,36166000,0,33.39,0,33.09,36167034,522907,33.08,73,33.18,,33.09,0,0,688335.SH,106010,20510,20210706,1379236,41617,34.922,31.894
102609,0,33.09,33.1,33.18,33.23,33.34,546,931,200,17800,150,33.05,33.04,33.03,33.01,33.0,461,600,1000,1000,1300,0,2361920,36169000,0,33.39,0,33.09,36170028,590480,33.08,73,33.18,,33.09,0,0,688335.SH,106010,20971,20210706,1379236,41617,34.922,31.92
140514,0,33.05,33.09,33.1,33.18,33.23,2539,546,931,200,17800,33.04,33.03,33.01,33.0,32.99,600,1000,1000,1300,200,0,2826884,36202000,0,33.39,0,33.05,36202290,706721,33.05,74,33.18,,33.09,0,0,688335.SH,108549,20510,20210706,1394472,42078,34.878,31.894
155820,0,33.05,33.09,33.18,33.23,33.34,2539,546,200,17800,150,33.04,33.03,33.01,33.0,32.99,600,1000,1000,1300,200,0,2133024,36215000,0,33.39,0,33.05,36216018,533256,33.05,74,33.18,,33.09,0,0,688335.SH,107618,20510,20210706,1394472,42078,34.894,31.894
159312,0,33.05,33.09,33.18,33.23,33.34,2539,546,200,17800,150,33.04,33.03,33.01,33.0,32.99,600,4000,1000,1300,200,0,2557224,36218000,0,33.39,0,33.05,36219015,639306,33.05,74,33.18,,33.09,0,0,688335.SH,107618,23510,20210706,1394472,42078,34.894,32.039
173414,0,33.05,33.09,33.18,33.23,33.34,2539,546,200,17800,150,33.04,33.03,33.01,33.0,32.99,600,4000,1000,800,200,0,319220,36231000,0,33.39,0,33.05,36231120,79805,33.05,74,33.18,,33.09,0,0,688335.SH,107618,23010,20210706,1394472,42078,34.894,32.018
178446,0,33.05,33.09,33.18,33.23,33.34,2539,546,200,17800,150,33.04,33.03,33.01,33.0,32.99,600,1000,1000,800,200,0,916396,36234000,0,33.39,0,33.05,36235052,229099,33.05,74,33.18,,33.09,0,0,688335.SH,107618,20010,20210706,1394472,42078,34.894,31.867
181965,0,33.05,33.09,33.18,33.23,33.34,2539,546,200,17800,150,33.04,33.03,33.01,33.0,32.99,600,1567,1000,800,200,0,2116328,36237000,0,33.39,0,33.05,36238047,529082,33.05,74,33.18,,33.09,0,0,688335.SH,107618,20577,20210706,1394472,42078,34.894,31.899
186088,0,33.09,33.18,33.23,33.34,33.35,546,200,17800,150,500,33.04,33.03,33.01,33.0,32.99,600,1567,1000,800,200,0,3610900,36240000,0,33.39,0,33.05,36241353,902725,33.05,74,33.18,,33.09,0,0,688335.SH,105079,20577,20210706,1394472,42078,34.938,31.899
188860,0,33.09,33.18,33.23,33.34,33.35,546,200,17800,150,500,33.05,33.04,33.03,33.01,33.0,3000,600,1567,1000,800,0,1396908,36243000,0,33.39,0,33.05,36244036,349227,33.05,74,33.18,,33.09,0,0,688335.SH,105079,23577,20210706,1394472,42078,34.938,32.045
201074,0,33.09,33.18,33.23,33.34,33.35,546,200,17800,150,500,33.05,33.04,33.03,33.01,33.0,461,600,1567,1000,800,0,805344,36254000,0,33.39,0,33.05,36254394,201336,33.05,75,33.18,,33.09,0,0,688335.SH,105079,21038,20210706,1478386,44617,34.938,31.924
208184,0,33.09,33.18,33.23,33.34,33.35,546,200,17800,150,500,33.05,33.04,33.03,33.01,33.0,461,600,1567,1000,800,0,3139992,36260000,0,33.39,0,33.05,36261008,784998,33.05,75,33.18,,33.09,0,0,688335.SH,105079,22038,20210706,1478386,44617,34.938,31.969
211638,0,33.09,33.18,33.23,33.34,33.35,546,200,17800,150,500,33.05,33.04,33.03,33.01,33.0,461,1200,1567,1000,800,0,122008,36263000,0,33.39,0,33.05,36264004,30502,33.05,75,33.18,,33.09,0,0,688335.SH,105079,22638,20210706,1478386,44617,34.938,31.997
247035,0,33.09,33.18,33.2,33.23,33.34,546,200,548,17800,150,33.05,33.04,33.03,33.01,33.0,461,1200,1567,1000,800,0,3902460,36294000,0,33.39,0,33.05,36294579,975615,33.05,75,33.18,,33.09,0,0,688335.SH,105627,22638,20210706,1478386,44617,34.929,31.997
37643,0,33.18,33.2,33.23,33.34,33.35,200,548,17800,150,500,33.09,33.05,33.04,33.03,33.01,404,461,1200,1567,1000,0,2856884,36330000,0,33.39,0,33.09,36330273,714221,33.05,76,33.18,,33.09,0,0,688335.SH,105081,23042,20210706,1496453,45163,34.939,32.016
48053,0,33.18,33.2,33.23,33.34,33.35,200,548,17800,150,500,33.09,33.05,33.04,33.03,33.01,404,2461,1200,1567,1000,0,623860,36339000,0,33.39,0,33.09,36339196,155965,33.05,76,33.18,,33.09,0,0,688335.SH,105081,25042,20210706,1496453,45163,34.939,32.099
53966,0,33.18,33.2,33.23,33.34,33.35,200,548,17800,150,500,33.09,33.05,33.04,33.03,33.01,404,2461,1000,1567,1000,0,238924,36343000,0,33.39,0,33.09,36343377,59731,33.05,76,33.18,,33.09,0,0,688335.SH,105081,24842,20210706,1496453,45163,34.939,32.091
58826,0,33.18,33.2,33.23,33.34,33.35,200,548,17800,150,500,33.09,33.05,33.04,33.03,33.01,404,2461,1000,1567,1000,0,41052,36348000,0,33.39,0,33.09,36348681,10263,33.05,76,33.18,,33.09,0,0,688335.SH,105281,24842,20210706,1496453,45163,34.948,32.091
93033,0,33.18,33.2,33.23,33.34,33.35,200,548,17800,150,500,33.1,33.09,33.05,33.04,33.03,427,404,2461,1000,1567,0,1569456,36376000,0,33.39,0,33.09,36376577,392364,33.05,76,33.18,,33.09,0,0,688335.SH,105281,25269,20210706,1496453,45163,34.948,32.108
115140,0,33.18,33.2,33.23,33.34,33.35,200,548,17800,150,500,33.1,33.09,33.05,33.04,33.03,427,404,2461,1000,1567,0,2093512,36396000,0,33.39,0,33.09,36396606,523378,33.05,76,33.18,,33.09,0,0,688335.SH,105281,25919,20210706,1496453,45163,34.948,32.128
135652,0,33.18,33.2,33.23,33.34,33.35,200,548,17800,150,500,33.1,33.09,33.05,33.04,33.03,427,404,4160,1000,1567,0,3846936,36412000,0,33.39,0,33.09,36412952,961734,33.05,76,33.18,,33.09,0,0,688335.SH,105281,27618,20210706,1496453,45163,34.948,32.185
147145,0,33.18,33.2,33.23,33.34,33.35,200,548,17800,150,500,33.1,33.09,33.05,33.04,33.03,427,404,4360,1000,1567,0,3869328,36423000,0,33.39,0,33.09,36423686,967332,33.05,76,33.18,,33.09,0,0,688335.SH,105281,27818,20210706,1496453,45163,34.948,32.191
168567,0,33.18,33.23,33.34,33.35,33.38,200,17800,150,500,400,33.1,33.09,33.05,33.04,33.03,427,404,4360,1000,1567,0,1712688,36441000,0,33.39,0,33.09,36441784,428172,33.05,76,33.18,,33.09,0,0,688335.SH,104733,27818,20210706,1496453,45163,34.957,32.191
185041,0,33.18,33.22,33.23,33.34,33.35,200,548,17800,150,500,33.1,33.09,33.05,33.04,33.03,427,404,4360,1000,1567,0,35104,36455000,0,33.39,0,33.09,36455448,8776,33.05,76,33.18,,33.09,0,0,688335.SH,105281,27818,20210706,1496453,45163,34.948,32.191
209901,0,33.18,33.22,33.23,33.34,33.35,200,548,17800,150,500,33.11,33.1,33.09,33.05,33.04,500,427,404,4360,1000,0,299320,36477000,0,33.39,0,33.09,36477538,74830,33.05,76,33.18,,33.09,0,0,688335.SH,105281,28318,20210706,1496453,45163,34.948,32.208
226990,0,33.18,33.22,33.23,33.34,33.35,200,548,17800,150,500,33.11,33.1,33.09,33.05,33.04,500,427,404,4360,800,0,149692,36491000,0,33.39,0,33.09,36491268,37423,33.05,76,33.18,,33.09,0,0,688335.SH,105281,28118,20210706,1496453,45163,34.948,32.202
234001,0,33.18,33.22,33.23,33.34,33.35,200,548,17800,150,500,33.11,33.1,33.09,33.05,33.04,500,427,404,4360,800,0,3562636,36497000,0,33.39,0,33.09,36497318,890659,33.05,76,33.18,,33.09,0,0,688335.SH,104981,28118,20210706,1496453,45163,34.952,32.202
19272,0,33.18,33.22,33.23,33.34,33.35,200,548,17800,150,500,33.11,33.1,33.09,33.06,33.05,500,427,404,876,4360,0,2075460,36528000,0,33.39,0,33.09,36528706,518865,33.05,76,33.18,,33.09,0,0,688335.SH,104981,28994,20210706,1496453,45163,34.952,32.228
23795,0,33.05,33.18,33.22,33.23,33.34,2515,200,548,17800,150,33.04,33.03,33.01,33.0,32.99,800,1567,1000,800,200,0,2539996,36531000,0,33.39,0,33.05,36532076,634999,33.05,84,33.18,,33.09,0,0,688335.SH,107496,22427,20210706,1713568,51730,34.908,31.983
26322,0,33.05,33.18,33.22,33.23,33.34,1859,200,548,17800,150,33.04,33.03,33.01,33.0,32.99,800,1567,1000,800,200,0,2152324,36534000,0,33.39,0,33.05,36534759,538081,33.05,85,33.18,,33.09,0,0,688335.SH,106840,22427,20210706,1735249,52386,34.919,31.983
29741,0,33.18,33.22,33.23,33.34,33.35,200,548,17800,150,500,33.05,33.04,33.03,33.01,33.0,341,800,1567,1000,800,0,3730136,36537000,0,33.39,0,33.05,36537754,932534,33.05,87,33.18,,33.09,0,0,688335.SH,104981,22768,20210706,1796689,54245,34.952,31.999
33112,0,33.18,33.22,33.23,33.34,33.35,200,548,17800,150,500,33.06,33.05,33.04,33.03,33.01,252,341,800,1567,1000,0,2441764,36540000,0,33.39,0,33.05,36540751,610441,33.05,87,33.18,,33.09,0,0,688335.SH,104981,23020,20210706,1796689,54245,34.952,32.011
41184,0,33.18,33.22,33.23,33.34,33.35,200,548,17800,150,500,33.06,33.04,33.03,33.01,33.0,252,800,1567,1000,800,0,2323528,36546000,0,33.39,0,33.05,36547117,580882,33.05,87,33.18,,33.09,0,0,688335.SH,104981,22679,20210706,1796689,54245,34.952,31.995
44650,0,33.18,33.22,33.23,33.34,33.35,200,548,17800,150,500,33.07,33.06,33.04,33.03,33.01,515,252,800,1567,1000,0,1193144,36549000,0,33.39,0,33.05,36550111,298286,33.05,87,33.18,,33.09,0,0,688335.SH,104981,23194,20210706,1796689,54245,34.952,32.019
48258,0,33.18,33.22,33.23,33.34,33.35,200,548,17800,150,500,33.07,33.06,33.04,33.03,33.01,767,252,800,1567,1000,0,2571512,36552000,0,33.39,0,33.05,36553169,642878,33.05,87,33.18,,33.09,0,0,688335.SH,104981,23446,20210706,1796689,54245,34.952,32.031
51628,0,33.18,33.22,33.23,33.34,33.35,200,548,17800,150,500,33.08,33.07,33.06,33.04,33.03,252,767,252,800,1567,0,771396,36555000,0,33.39,0,33.05,36556103,192849,33.05,87,33.18,,33.09,0,0,688335.SH,104981,23698,20210706,1796689,54245,34.952,32.042
56545,0,33.18,33.22,33.23,33.34,33.35,200,548,17800,150,500,33.08,33.07,33.06,33.04,33.03,252,767,252,800,1567,0,194928,36559000,0,33.39,0,33.05,36560031,48732,33.05,87,33.18,,33.09,0,0,688335.SH,105481,23698,20210706,1796689,54245,34.946,32.042
68669,0,33.18,33.22,33.23,33.34,33.35,200,548,17800,150,500,33.07,33.06,33.04,33.03,33.01,19,252,800,1567,1000,0,2354880,36570000,0,33.39,0,33.07,36571016,588720,33.05,90,33.18,,33.09,0,0,688335.SH,105481,22698,20210706,1829762,55245,34.946,31.996
76470,0,33.18,33.22,33.23,33.34,33.35,200,1424,17800,150,500,33.07,33.06,33.04,33.03,33.01,19,252,800,1567,1000,0,2159168,36577000,0,33.39,0,33.07,36577316,539792,33.05,90,33.18,,33.09,0,0,688335.SH,106357,22698,20210706,1829762,55245,34.932,31.996
84371,0,33.18,33.22,33.23,33.34,33.35,200,1424,17800,150,500,33.07,33.06,33.05,33.04,33.03,19,252,500,800,1567,0,461788,36584000,0,33.39,0,33.07,36584679,115447,33.05,90,33.18,,33.09,0,0,688335.SH,106357,23198,20210706,1829762,55245,34.932,32.019
91153,0,33.18,33.22,33.23,33.34,33.35,200,1424,17800,150,500,33.07,33.06,33.05,33.04,33.03,19,252,500,2334,1567,0,2718048,36589000,0,33.39,0,33.07,36590045,679512,33.05,90,33.18,,33.09,0,0,688335.SH,106357,24732,20210706,1829762,55245,34.932,32.082
98087,0,33.18,33.22,33.23,33.34,33.35,200,1424,17800,150,500,33.07,33.06,33.05,33.04,33.03,19,252,500,2134,1567,0,2109600,36596000,0,33.39,0,33.07,36596473,527400,33.05,90,33.18,,33.09,0,0,688335.SH,106357,24532,20210706,1829762,55245,34.932,32.074
101532,0,33.18,33.22,33.23,33.34,33.35,200,1424,17800,150,500,33.07,33.06,33.05,33.04,33.03,19,252,500,2134,1567,0,3407988,36599000,0,33.39,0,33.07,36599468,851997,33.05,90,33.18,,33.09,0,0,688335.SH,106357,25532,20210706,1829762,55245,34.932,32.107
107292,0,33.18,33.22,33.23,33.34,33.35,200,1424,17800,150,500,33.07,33.06,33.05,33.04,33.03,19,252,500,2134,1000,0,2275920,36604000,0,33.39,0,33.07,36604211,568980,33.05,90,33.18,,33.09,0,0,688335.SH,106357,24965,20210706,1829762,55245,34.932,32.086
110895,0,33.18,33.22,33.23,33.34,33.35,200,548,17800,150,500,33.07,33.06,33.05,33.04,33.03,19,252,500,2134,1000,0,1846216,36607000,0,33.39,0,33.07,36607206,461554,33.05,90,33.18,,33.09,0,0,688335.SH,105481,24965,20210706,1829762,55245,34.946,32.086
114479,0,33.18,33.22,33.23,33.34,33.35,200,548,17800,150,500,33.07,33.06,33.05,33.04,33.03,519,252,500,2134,1000,0,3602328,36610000,0,33.39,0,33.07,36610201,900582,33.05,90,33.18,,33.09,0,0,688335.SH,105481,25465,20210706,1829762,55245,34.946,32.105
118007,0,33.18,33.22,33.23,33.34,33.35,200,548,17800,150,500,33.07,33.06,33.05,33.04,33.03,519,252,500,2134,1000,0,2397836,36613000,0,33.39,0,33.07,36613197,599459,33.05,90,33.18,,33.09,0,0,688335.SH,105481,27465,20210706,1829762,55245,34.946,32.14
121822,0,33.18,33.22,33.23,33.3,33.34,200,548,17800,200,150,33.07,33.06,33.05,33.04,33.03,519,252,500,2134,1000,0,3420400,36616000,0,33.39,0,33.07,36616316,855100,33.05,90,33.18,,33.09,0,0,688335.SH,105681,27465,20210706,1829762,55245,34.943,32.14
125063,0,33.18,33.22,33.23,33.3,33.34,200,548,17800,200,150,33.07,33.06,33.05,33.04,33.03,969,252,1064,2134,1000,0,3895420,36619000,0,33.39,0,33.07,36619187,973855,33.05,90,33.18,,33.09,0,0,688335.SH,105681,28479,20210706,1829762,55245,34.943,32.173
139931,0,33.18,33.22,33.23,33.3,33.34,200,548,17800,200,150,33.07,33.06,33.05,33.04,33.03,969,252,1064,2134,1000,0,3775388,36631000,0,33.39,0,33.07,36631666,943847,33.05,90,33.18,,33.09,0,0,688335.SH,105681,31479,20210706,1829762,55245,34.943,31.898
143484,0,33.18,33.22,33.23,33.3,33.34,200,548,17800,200,150,33.07,33.06,33.05,33.04,33.03,3669,252,1064,2134,1000,0,1981868,36634000,0,33.39,0,33.07,36634662,495467,33.05,90,33.18,,33.09,0,0,688335.SH,105681,34179,20210706,1829762,55245,34.943,31.991
147542,0,33.18,33.22,33.23,33.3,33.34,200,548,17800,200,150,33.08,33.07,33.06,33.05,33.04,500,3669,252,1064,2134,0,2413124,36639000,0,33.39,0,33.07,36639154,603281,33.05,90,33.18,,33.09,0,0,688335.SH,105681,34679,20210706,1829762,55245,34.943,32.007
168519,0,33.18,33.22,33.23,33.3,33.34,200,548,17800,200,150,33.08,33.07,33.06,33.05,33.04,500,3669,252,1064,2134,0,1422708,36657000,0,33.39,0,33.07,36657253,355677,33.05,90,33.18,,33.09,0,0,688335.SH,97381,34679,20210706,1829762,55245,35.071,32.007
189054,0,33.18,33.22,33.23,33.3,33.34,200,548,17800,200,150,33.08,33.07,33.06,33.05,33.04,500,3669,252,1064,2134,0,1048920,36673000,0,33.39,0,33.07,36673975,262230,33.05,90,33.18,,33.09,0,0,688335.SH,97781,34679,20210706,1829762,55245,35.09,32.007
223675,0,33.18,33.22,33.23,33.3,33.34,200,548,17800,200,150,33.08,33.07,33.06,33.05,33.04,500,3669,252,1064,2134,0,749204,36704000,0,33.39,0,33.07,36704800,187301,33.05,90,33.18,,33.09,0,0,688335.SH,97781,34879,20210706,1829762,55245,35.09,32.011
7726,0,33.18,33.22,33.23,33.3,33.34,200,548,17800,200,150,33.08,33.07,33.06,33.05,33.04,500,3669,252,1064,2134,0,1954788,36733000,0,33.39,0,33.07,36733878,488697,33.05,90,33.18,,33.09,0,0,688335.SH,98381,34879,20210706,1829762,55245,35.089,32.011
31540,0,33.18,33.22,33.23,33.3,33.34,200,548,17800,200,150,33.08,33.07,33.06,33.05,33.04,500,3669,652,1064,2134,0,87708,36754000,0,33.39,0,33.07,36754533,21927,33.05,90,33.18,,33.09,0,0,688335.SH,98381,35279,20210706,1829762,55245,35.089,32.023
59208,0,33.18,33.22,33.23,33.3,33.34,200,548,17800,200,150,33.08,33.07,33.06,33.05,33.04,500,3669,652,1064,2134,0,622964,36779000,0,33.39,0,33.07,36779680,155741,33.05,90,33.18,,33.09,0,0,688335.SH,100381,35279,20210706,1829762,55245,35.181,32.023
90179,0,33.18,33.22,33.23,33.3,33.34,200,548,17800,200,150,33.08,33.07,33.06,33.05,33.04,500,3669,652,3064,2134,0,1305980,36807000,0,33.39,0,33.07,36807386,326495,33.05,90,33.18,,33.09,0,0,688335.SH,100381,37279,20210706,1829762,55245,35.181,32.078
110479,0,33.18,33.22,33.23,33.3,33.34,200,548,17800,200,150,33.08,33.07,33.06,33.05,33.04,500,969,652,3064,2134,0,465172,36823000,0,33.39,0,33.07,36823798,116293,33.05,90,33.18,,33.09,0,0,688335.SH,100381,34579,20210706,1829762,55245,35.181,32.001
117502,0,33.18,33.22,33.23,33.3,33.34,200,548,17800,200,150,33.08,33.07,33.06,33.05,33.04,500,969,652,3064,600,0,1830780,36830000,0,33.39,0,33.07,36830724,457695,33.05,90,33.18,,33.09,0,0,688335.SH,100381,33045,20210706,1829762,55245,35.181,31.952
131011,0,33.18,33.22,33.23,33.3,33.34,200,548,17800,200,150,33.09,33.08,33.07,33.06,33.05,600,500,969,652,3064,0,666536,36842000,0,33.39,0,33.07,36842954,166634,33.05,90,33.18,,33.09,0,0,688335.SH,100381,33645,20210706,1829762,55245,35.181,31.973
134403,0,33.18,33.22,33.23,33.3,33.34,1800,548,17800,200,150,33.09,33.08,33.07,33.06,33.05,600,500,969,652,3064,0,3231300,36845000,0,33.39,0,33.07,36845887,807825,33.05,90,33.18,,33.09,0,0,688335.SH,101981,33645,20210706,1829762,55245,35.149,31.973
218723,0,33.18,33.22,33.23,33.3,33.34,1800,2548,17800,200,150,33.09,33.08,33.07,33.06,33.05,600,500,969,652,3064,0,728584,36919000,0,33.39,0,33.07,36919396,182146,33.05,90,33.18,,33.09,0,0,688335.SH,103981,33645,20210706,1829762,55245,35.112,31.973
247050,0,33.18,33.22,33.23,33.3,33.34,1800,2548,17800,200,150,33.09,33.08,33.07,33.06,33.05,600,500,969,652,3064,0,3195416,36944000,0,33.39,0,33.07,36944230,798854,33.05,90,33.18,,33.09,0,0,688335.SH,104181,33645,20210706,1829762,55245,35.113,31.973
830,0,33.09,33.18,33.22,33.23,33.3,3500,1800,2548,17800,200,33.08,33.07,33.06,33.05,33.04,500,969,652,3064,600,0,3625452,36948000,0,33.39,0,33.09,36948535,906363,33.05,91,33.18,,33.09,0,0,688335.SH,107681,33045,20210706,1849616,55845,35.047,31.952
4331,0,33.09,33.18,33.22,33.23,33.3,3500,200,2548,17800,200,33.08,33.07,33.06,33.05,33.04,500,969,652,3064,600,0,2876860,36951000,0,33.39,0,33.09,36951595,719215,33.05,91,33.18,,33.09,0,0,688335.SH,106081,33045,20210706,1849616,55845,35.075,31.952
7692,0,33.09,33.18,33.22,33.23,33.3,5100,200,2548,17800,200,33.08,33.07,33.06,33.05,33.04,500,969,652,3064,600,0,1669864,36954000,0,33.39,0,33.09,36954591,417466,33.05,91,33.18,,33.09,0,0,688335.SH,107681,33045,20210706,1849616,55845,35.045,31.952
54322,0,33.09,33.18,33.22,33.23,33.3,5100,200,2548,17800,200,33.08,33.07,33.06,33.05,33.04,500,969,652,3064,600,0,414288,36994000,0,33.39,0,33.09,36995026,103572,33.05,91,33.18,,33.09,0,0,688335.SH,107681,32745,20210706,1849616,55845,35.045,31.944
65722,0,33.09,33.18,33.22,33.23,33.3,4500,200,2548,17800,200,33.08,33.07,33.06,33.05,33.04,500,969,652,3064,600,0,160648,37005000,0,33.39,0,33.09,37005882,40162,33.05,92,33.18,,33.09,0,0,688335.SH,107081,32745,20210706,1869470,56445,35.056,31.944
70962,0,33.09,33.18,33.22,33.23,33.3,3500,200,2548,17800,200,33.08,33.07,33.06,33.05,33.04,500,969,652,3064,600,0,318788,37009000,0,33.39,0,33.09,37009504,79697,33.05,93,33.18,,33.09,0,0,688335.SH,106081,32745,20210706,1902560,57445,35.075,31.944
76174,0,33.09,33.18,33.22,33.23,33.3,710,200,2548,17800,200,33.08,33.07,33.06,33.05,33.04,500,969,652,3064,600,0,379660,37014000,0,33.39,0,33.09,37014995,94915,33.05,95,33.18,,33.09,0,0,688335.SH,103291,32745,20210706,1994881,60235,35.129,31.944
79282,0,33.09,33.18,33.22,33.23,33.3,710,200,2548,17800,200,33.08,33.07,33.06,33.05,33.04,500,950,400,3064,600,0,3747664,37017000,0,33.39,0,33.09,37017925,936916,33.05,95,33.18,,33.09,0,0,688335.SH,103291,32474,20210706,1994881,60235,35.129,31.934
95384,0,33.09,33.18,33.22,33.23,33.3,210,200,2548,17800,200,33.08,33.07,33.06,33.05,33.04,700,950,400,3064,600,0,344016,37032000,0,33.39,0,33.09,37032652,86004,33.05,96,33.18,,33.09,0,0,688335.SH,102791,32674,20210706,2011426,60735,35.139,31.941
98714,0,33.18,33.22,33.23,33.3,33.34,200,2548,17800,200,150,33.09,33.08,33.07,33.06,33.05,2240,900,950,400,3064,0,1920716,37035000,0,33.39,0,33.09,37035647,480179,33.05,97,33.18,,33.09,0,0,688335.SH,102581,35114,20210706,2018375,60945,35.143,32.021
109855,0,33.18,33.22,33.23,33.3,33.34,200,2548,17800,200,150,33.09,33.08,33.07,33.06,33.05,2050,900,950,400,3064,0,1346504,37044000,0,33.39,0,33.09,37045070,336626,33.05,97,33.18,,33.09,0,0,688335.SH,102581,34924,20210706,2018375,60945,35.143,32.015
117950,0,33.18,33.22,33.23,33.3,33.34,200,2548,17800,200,150,33.09,33.08,33.07,33.06,33.05,650,900,950,400,3064,0,58788,37051000,0,33.39,0,33.09,37052058,14697,33.05,98,33.18,,33.09,0,0,688335.SH,102581,33524,20210706,2064701,62345,35.143,31.97
122990,0,33.18,33.22,33.23,33.3,33.34,200,2548,17800,200,150,33.09,33.08,33.07,33.06,33.05,650,900,950,400,3064,0,1024988,37056000,0,33.39,0,33.09,37056989,256247,33.05,98,33.18,,33.09,0,0,688335.SH,103181,33524,20210706,2064701,62345,35.134,31.97
128391,0,33.18,33.22,33.23,33.3,33.34,200,2548,17800,200,150,33.09,33.08,33.07,33.06,33.05,200,900,950,400,3064,0,3002252,37062000,0,33.39,0,33.09,37062229,750563,33.05,98,33.18,,33.09,0,0,688335.SH,103181,33074,20210706,2064701,62345,35.134,31.955
131651,0,33.18,33.22,33.23,33.3,33.34,200,2548,17800,200,150,33.09,33.08,33.07,33.06,33.05,200,900,950,400,3064,0,1645056,37065000,0,33.39,0,33.09,37065225,411264,33.05,98,33.18,,33.09,0,0,688335.SH,103181,32774,20210706,2064701,62345,35.134,31.948
163611,0,33.18,33.22,33.23,33.3,33.34,200,2548,17800,200,150,33.09,33.08,33.07,33.06,33.05,200,900,950,400,3064,0,2108268,37093000,0,33.39,0,33.09,37093243,527067,33.05,98,33.18,,33.09,0,0,688335.SH,103881,32774,20210706,2064701,62345,35.123,31.948
204418,0,33.18,33.22,33.23,33.3,33.34,200,2548,17800,200,150,33.09,33.08,33.07,33.06,33.05,200,900,950,400,3064,0,3536580,37131000,0,33.39,0,33.09,37131244,884145,33.05,98,33.18,,33.09,0,0,688335.SH,104481,32774,20210706,2064701,62345,35.114,31.948
214018,0,33.18,33.22,33.23,33.3,33.34,200,2548,17800,200,150,33.09,33.08,33.07,33.06,33.05,200,900,450,400,3064,0,1647388,37139000,0,33.39,0,33.09,37139481,411847,33.05,98,33.18,,33.09,0,0,688335.SH,104481,32274,20210706,2064701,62345,35.114,31.931
75197,0,33.18,33.22,33.23,33.3,33.34,1200,2548,17800,200,150,33.09,33.08,33.07,33.06,33.05,200,900,450,400,3064,0,1178348,37239000,0,33.39,0,33.09,37239385,294587,33.05,98,33.18,,33.09,0,0,688335.SH,105481,32274,20210706,2064701,62345,35.096,31.931
108333,0,33.18,33.22,33.23,33.3,33.34,1200,2548,17800,200,150,33.09,33.08,33.07,33.06,33.05,1132,900,450,400,3064,0,2561540,37268000,0,33.39,0,33.09,37268728,640385,33.05,98,33.18,,33.09,0,0,688335.SH,105481,33206,20210706,2064701,62345,35.096,31.963
111871,0,33.18,33.22,33.23,33.3,33.34,1200,2548,17800,200,150,33.09,33.08,33.07,33.06,33.05,1132,900,450,600,3064,0,3077340,37271000,0,33.39,0,33.09,37271723,769335,33.05,98,33.18,,33.09,0,0,688335.SH,105481,33406,20210706,2064701,62345,35.096,31.97
116199,0,33.1,33.18,33.22,33.23,33.3,3061,1200,2548,17800,200,33.09,33.08,33.07,33.06,33.05,1132,900,450,600,3064,0,366744,37275000,0,33.39,0,33.09,37275717,91686,33.05,98,33.18,,33.09,0,0,688335.SH,108542,33406,20210706,2064701,62345,35.039,31.97
189955,0,33.1,33.18,33.22,33.23,33.3,3061,1200,2548,17800,200,33.09,33.08,33.07,33.06,33.05,1132,900,450,600,3064,0,8672,37340000,0,33.39,0,33.09,37340925,2168,33.05,98,33.18,,33.09,0,0,688335.SH,109442,33406,20210706,2064701,62345,35.027,31.97
199794,0,33.1,33.18,33.22,33.23,33.3,2561,1200,2548,17800,200,33.09,33.08,33.07,33.06,33.05,1132,900,450,600,3064,0,886948,37349000,0,33.39,0,33.1,37349411,221737,33.05,99,33.18,,33.09,0,0,688335.SH,108942,33406,20210706,2081251,62845,35.036,31.97
203411,0,33.1,33.18,33.22,33.23,33.3,2561,1200,2548,17800,200,33.09,33.08,33.07,33.06,33.05,932,900,450,600,3064,0,927752,37353000,0,33.39,0,33.1,37353405,231938,33.05,99,33.18,,33.09,0,0,688335.SH,108942,33206,20210706,2081251,62845,35.036,31.963
206741,0,33.1,33.18,33.22,33.23,33.3,2361,1200,2548,17800,200,33.09,33.08,33.07,33.06,33.05,932,900,450,600,3064,0,2437056,37356000,0,33.39,0,33.1,37356400,609264,33.05,100,33.18,,33.09,0,0,688335.SH,108742,33206,20210706,2087871,63045,35.04,31.963
210147,0,33.1,33.18,33.22,33.23,33.3,3961,1200,2548,17800,200,33.09,33.08,33.07,33.06,33.05,932,900,450,600,3064,0,3596916,37359000,0,33.39,0,33.1,37359583,899229,33.05,100,33.18,,33.09,0,0,688335.SH,110342,33206,20210706,2087871,63045,35.012,31.963
245708,0,33.1,33.18,33.22,33.23,33.3,2461,1200,2548,17800,200,33.09,33.08,33.07,33.06,33.05,932,900,450,600,3064,0,1865644,37390000,0,33.39,0,33.1,37390907,466411,33.05,101,33.18,,33.09,0,0,688335.SH,108842,33206,20210706,2137521,64545,35.038,31.963
249529,0,33.1,33.18,33.2,33.22,33.23,2461,1200,900,2548,17800,33.09,33.08,33.07,33.06,33.05,932,900,450,600,3064,0,3273368,37395000,0,33.39,0,33.1,37395277,818342,33.05,101,33.18,,33.09,0,0,688335.SH,109742,33206,20210706,2137521,64545,35.023,31.963
3041,0,33.1,33.18,33.2,33.22,33.23,2461,1200,900,2548,17800,33.09,33.08,33.07,33.06,33.05,932,900,450,600,2500,0,2023020,37398000,0,33.39,0,33.1,37398333,505755,33.05,101,33.18,,33.09,0,0,688335.SH,109742,32642,20210706,2137521,64545,35.023,31.944
7313,0,33.1,33.18,33.2,33.22,33.23,2461,200,900,2548,17800,33.09,33.08,33.07,33.06,33.05,932,900,450,600,2500,0,830512,37401000,0,33.39,0,33.1,37401953,207628,33.05,101,33.18,,33.09,0,0,688335.SH,108742,32642,20210706,2137521,64545,35.04,31.944
15832,0,33.1,33.18,33.2,33.22,33.23,2161,200,900,2548,17800,33.09,33.08,33.07,33.06,33.05,932,900,450,600,2500,0,3843440,37409000,0,33.39,0,33.1,37409440,960860,33.05,102,33.18,,33.09,0,0,688335.SH,108442,32642,20210706,2147451,64845,35.045,31.944
22509,0,33.1,33.18,33.2,33.22,33.23,2161,200,900,2548,17800,33.09,33.08,33.07,33.06,33.05,1132,900,450,600,2500,0,2144088,37415000,0,33.39,0,33.1,37415805,536022,33.05,102,33.18,,33.09,0,0,688335.SH,108442,32842,20210706,2147451,64845,35.045,31.951
26040,0,33.1,33.18,33.2,33.22,33.23,2161,200,900,2548,17800,33.09,33.08,33.07,33.06,33.05,1132,900,200,600,2500,0,283992,37419000,0,33.39,0,33.1,37419425,70998,33.05,102,33.18,,33.09,0,0,688335.SH,108442,32592,20210706,2147451,64845,35.045,31.943
55000,0,33.1,33.18,33.2,33.22,33.23,1961,200,900,2548,17800,33.09,33.08,33.07,33.06,33.05,1132,900,200,600,2500,0,362284,37444000,0,33.39,0,33.1,37445009,90571,33.05,103,33.18,,33.09,0,0,688335.SH,108242,32592,20210706,2154071,65045,35.049,31.943
97695,0,33.1,33.18,33.22,33.23,33.3,1961,200,2548,17800,200,33.09,33.08,33.07,33.06,33.05,1132,900,200,600,2500,0,3605184,37484000,0,33.39,0,33.1,37484570,901296,33.05,103,33.18,,33.09,0,0,688335.SH,107342,32592,20210706,2154071,65045,35.064,31.943
130596,0,33.1,33.18,33.22,33.23,33.3,1761,200,2548,17800,200,33.09,33.08,33.07,33.06,33.05,1132,900,200,600,2500,0,744556,37515000,0,33.39,0,33.1,37515273,186139,33.05,104,33.18,,33.09,0,0,688335.SH,107142,32592,20210706,2160691,65245,35.068,31.943
135698,0,33.1,33.18,33.22,33.23,33.3,1761,200,2548,17800,200,33.09,33.08,33.07,33.06,33.05,132,900,200,600,2500,0,2236488,37519000,0,33.39,0,33.09,37519203,559122,33.05,106,33.18,,33.09,0,0,688335.SH,107142,31592,20210706,2193781,66245,35.068,31.906
138066,0,33.1,33.18,33.22,33.23,33.3,1761,200,2548,17800,200,33.09,33.08,33.07,33.06,33.05,132,900,200,600,2500,0,1433168,37521000,0,33.39,0,33.09,37521887,358292,33.05,106,33.18,,33.09,0,0,688335.SH,107142,30792,20210706,2193781,66245,35.068,32.047
146623,0,33.1,33.18,33.22,33.23,33.3,1761,200,2548,17800,200,33.08,33.07,33.06,33.05,33.04,900,200,600,2500,600,0,2625492,37529000,0,33.39,0,33.09,37529311,656373,33.05,106,33.18,,33.09,0,0,688335.SH,107142,30660,20210706,2193781,66245,35.068,32.042
149896,0,33.1,33.18,33.22,33.23,33.3,2661,200,2548,17800,200,33.08,33.07,33.06,33.05,33.04,900,200,600,2500,600,0,3076972,37532000,0,33.39,0,33.09,37532306,769243,33.05,106,33.18,,33.09,0,0,688335.SH,108042,30660,20210706,2193781,66245,35.052,32.042
169719,0,33.1,33.18,33.22,33.23,33.3,2661,200,2548,17800,200,33.08,33.07,33.06,33.05,33.04,1100,200,600,2500,600,0,29508,37551000,0,33.39,0,33.09,37551214,7377,33.05,106,33.18,,33.09,0,0,688335.SH,108042,30860,20210706,2193781,66245,35.052,32.049
192147,0,33.08,33.1,33.18,33.22,33.23,4400,2661,200,2548,17800,33.07,33.06,33.05,33.04,33.03,200,600,2500,600,1000,0,863148,37570000,0,33.39,0,33.08,37570808,215787,33.05,110,33.18,,33.09,0,0,688335.SH,112442,29760,20210706,2230169,67345,34.974,32.011
195957,0,33.08,33.1,33.18,33.22,33.23,4400,1061,200,2548,17800,33.07,33.06,33.05,33.04,33.03,200,600,2500,600,1000,0,3832680,37575000,0,33.39,0,33.08,37575300,958170,33.05,110,33.18,,33.09,0,0,688335.SH,110842,29760,20210706,2230169,67345,35.001,32.011
199235,0,33.08,33.1,33.18,33.22,33.23,6000,1061,200,2548,17800,33.07,33.06,33.05,33.04,33.03,200,600,2500,600,1000,0,1878676,37578000,0,33.39,0,33.08,37578296,469669,33.05,110,33.18,,33.09,0,0,688335.SH,112442,29760,20210706,2230169,67345,34.974,32.011
212227,0,33.08,33.1,33.18,33.22,33.23,5550,1061,200,2548,17800,33.07,33.06,33.05,33.04,33.03,200,600,2500,600,1000,0,161172,37590000,0,33.39,0,33.08,37590279,40293,33.05,111,33.18,,33.09,0,0,688335.SH,111992,29760,20210706,2245055,67795,34.982,32.011
215639,0,33.08,33.1,33.18,33.22,33.23,5550,1061,200,2548,17800,33.07,33.06,33.05,33.04,33.03,200,600,2500,600,1000,0,902380,37593000,0,33.39,0,33.08,37593584,225595,33.05,111,33.18,,33.09,0,0,688335.SH,112350,29760,20210706,2245055,67795,34.997,32.011
234834,0,33.08,33.1,33.18,33.22,33.23,5550,1061,200,2548,17800,33.07,33.06,33.05,33.04,33.03,1200,600,2500,600,1000,0,3881616,37611000,0,33.39,0,33.08,37611243,970404,33.05,111,33.18,,33.09,0,0,688335.SH,112350,30760,20210706,2245055,67795,34.997,32.045
247362,0,33.08,33.1,33.18,33.22,33.23,5550,1061,200,2548,17800,33.07,33.06,33.05,33.04,33.03,1200,600,2500,600,1000,0,3155240,37621000,0,33.39,0,33.08,37621913,788810,33.05,111,33.18,,33.09,0,0,688335.SH,112350,31760,20210706,2245055,67795,34.997,32.065
1342,0,33.08,33.1,33.18,33.22,33.23,2550,1061,200,2548,17800,33.07,33.06,33.05,33.04,33.03,1200,600,2500,600,1000,0,2700396,37625000,0,33.39,0,33.08,37625970,675099,33.05,112,33.18,,33.09,0,0,688335.SH,109350,31760,20210706,2344295,70795,35.049,32.065
14063,0,33.08,33.1,33.18,33.22,33.23,1550,1061,200,2548,17800,33.07,33.06,33.05,33.04,33.03,1200,600,2500,600,1000,0,123092,37636000,0,33.39,0,33.08,37637015,30773,33.05,114,33.18,,33.09,0,0,688335.SH,108350,31760,20210706,2377375,71795,35.068,32.065
17262,0,33.08,33.1,33.18,33.22,33.23,550,1061,200,2548,17800,33.07,33.06,33.05,33.04,33.03,1200,600,2500,600,1000,0,881236,37639000,0,33.39,0,33.08,37640010,220309,33.05,115,33.18,,33.09,0,0,688335.SH,107350,31760,20210706,2410455,72795,35.086,32.065
20474,0,33.08,33.1,33.18,33.22,33.23,50,1061,200,2548,17800,33.07,33.06,33.05,33.04,33.03,1200,600,2500,600,1000,0,3957716,37642000,0,33.39,0,33.08,37643006,989429,33.05,116,33.18,,33.09,0,0,688335.SH,106850,31760,20210706,2426995,73295,35.095,32.065
23693,0,33.1,33.18,33.22,33.23,33.3,1061,200,2548,17800,200,33.08,33.07,33.06,33.05,33.04,2550,1200,600,2500,600,0,17988,37645000,0,33.39,0,33.08,37646001,4497,33.05,117,33.18,,33.09,0,0,688335.SH,106800,34310,20210706,2428649,73345,35.096,32.14
26688,0,33.1,33.18,33.22,33.23,33.3,1061,200,2548,17800,200,33.09,33.08,33.07,33.06,33.05,900,2550,1200,600,2500,0,2593400,37648000,0,33.39,0,33.08,37648683,648350,33.05,117,33.18,,33.09,0,0,688335.SH,106800,35210,20210706,2428649,73345,35.096,32.164
36466,0,33.1,33.18,33.22,33.23,33.3,1061,200,2548,17800,200,33.09,33.08,33.07,33.06,33.05,900,3130,1200,600,2500,0,2312848,37657000,0,33.39,0,33.08,37658045,578212,33.05,117,33.18,,33.09,0,0,688335.SH,106800,35790,20210706,2428649,73345,35.096,32.179
62618,0,33.1,33.18,33.22,33.23,33.3,453,200,2548,17800,200,33.09,33.08,33.07,33.06,33.05,900,3130,1200,600,2500,0,2629320,37682000,0,33.39,0,33.1,37682756,657330,33.05,119,33.18,,33.09,0,0,688335.SH,106192,35790,20210706,2448774,73953,35.108,32.179
65871,0,33.1,33.18,33.22,33.23,33.3,53,200,2548,17800,200,33.09,33.08,33.07,33.06,33.05,900,1530,1200,600,2500,0,3505432,37685000,0,33.39,0,33.1,37685752,876358,33.05,120,33.18,,33.09,0,0,688335.SH,105792,34190,20210706,2462014,74353,35.115,32.137
69062,0,33.18,33.22,33.23,33.3,33.34,200,2548,17800,200,150,33.1,33.09,33.08,33.07,33.06,1547,900,1530,1200,600,0,2622996,37688000,0,33.39,0,33.1,37688432,655749,33.05,121,33.18,,33.09,0,0,688335.SH,105739,35737,20210706,2463768,74406,35.116,32.179
75055,0,33.18,33.22,33.23,33.3,33.34,200,2548,17800,200,150,33.1,33.09,33.08,33.07,33.06,2363,900,1530,1200,600,0,2683112,37693000,0,33.39,0,33.1,37693425,670778,33.05,121,33.18,,33.09,0,0,688335.SH,105739,36553,20210706,2463768,74406,35.116,32.199
78204,0,33.18,33.22,33.23,33.3,33.34,200,2548,17800,200,150,33.11,33.1,33.09,33.08,33.07,816,2363,900,1530,1200,0,3570244,37696000,0,33.39,0,33.1,37696358,892561,33.05,121,33.18,,33.09,0,0,688335.SH,105739,37369,20210706,2463768,74406,35.116,32.219
85658,0,33.18,33.22,33.23,33.3,33.34,200,2548,17800,200,150,33.11,33.1,33.09,33.08,33.07,816,2363,900,1530,1200,0,1774600,37704000,0,33.39,0,33.1,37704157,443650,33.05,121,33.18,,33.09,0,0,688335.SH,105139,37369,20210706,2463768,74406,35.118,32.219
88852,0,33.18,33.22,33.23,33.3,33.34,200,2548,17800,200,150,33.11,33.1,33.09,33.08,33.07,816,2363,900,1530,1200,0,3752972,37707000,0,33.39,0,33.1,37707152,938243,33.05,121,33.18,,33.09,0,0,688335.SH,105139,37569,20210706,2463768,74406,35.118,32.223
141335,0,33.18,33.22,33.23,33.3,33.34,200,2548,17800,200,150,33.11,33.1,33.09,33.08,33.07,816,2363,900,1530,1200,0,136436,37755000,0,33.39,0,33.1,37755763,34109,33.05,121,33.18,,33.09,0,0,688335.SH,105439,37569,20210706,2463768,74406,35.13,32.223
144543,0,33.18,33.22,33.23,33.3,33.34,200,2548,17800,200,150,33.11,33.1,33.08,33.07,33.06,816,2363,1530,1200,600,0,979080,37758000,0,33.39,0,33.1,37758696,244770,33.05,121,33.18,,33.09,0,0,688335.SH,105439,36669,20210706,2463768,74406,35.13,32.202
183054,0,33.18,33.22,33.23,33.3,33.34,200,2548,17800,200,150,33.12,33.11,33.1,33.08,33.07,200,816,2363,1530,1200,0,2756676,37793000,0,33.39,0,33.1,37793702,689169,33.05,121,33.18,,33.09,0,0,688335.SH,105439,36869,20210706,2463768,74406,35.13,32.207
7162,0,33.18,33.22,33.23,33.3,33.34,200,2548,17800,200,150,33.13,33.12,33.11,33.1,33.08,200,200,816,2363,1530,0,1137120,37859000,0,33.39,0,33.1,37859989,284280,33.05,121,33.18,,33.09,0,0,688335.SH,105439,37069,20210706,2463768,74406,35.13,32.212
20723,0,33.18,33.22,33.23,33.3,33.34,200,2548,17800,200,150,33.13,33.12,33.11,33.1,33.09,200,200,816,2363,2000,0,903348,37872000,0,33.39,0,33.1,37872218,225837,33.05,121,33.18,,33.09,0,0,688335.SH,105439,39069,20210706,2463768,74406,35.13,32.257
30206,0,33.18,33.22,33.23,33.3,33.34,200,2548,17800,200,150,33.12,33.11,33.1,33.09,33.08,200,816,2363,2000,1530,0,1955436,37879000,0,33.39,0,33.1,37879522,488859,33.05,121,33.18,,33.09,0,0,688335.SH,105439,38869,20210706,2463768,74406,35.13,32.252
35873,0,33.22,33.23,33.3,33.34,33.35,2548,17800,200,150,500,33.12,33.11,33.1,33.09,33.08,200,816,2363,2000,1530,0,1655016,37885000,0,33.39,0,33.18,37885135,413754,33.05,122,33.18,,33.09,0,0,688335.SH,105239,38869,20210706,2470404,74606,35.134,32.252
38277,0,33.22,33.23,33.3,33.34,33.35,2548,17800,200,150,500,33.12,33.11,33.1,33.09,33.08,200,816,816,2000,1530,0,2462964,37887000,0,33.39,0,33.18,37887818,615741,33.05,122,33.18,,33.09,0,0,688335.SH,105239,37322,20210706,2470404,74606,35.134,32.217
41561,0,33.22,33.23,33.3,33.34,33.35,2548,17800,200,150,500,33.18,33.12,33.11,33.1,33.09,1400,200,816,816,2000,0,3324968,37890000,0,33.39,0,33.18,37890813,831242,33.05,122,33.18,,33.09,0,0,688335.SH,105239,38722,20210706,2470404,74606,35.134,32.252
44834,0,33.22,33.23,33.3,33.34,33.35,2548,17800,200,150,500,33.18,33.12,33.11,33.1,33.09,1600,200,816,816,2000,0,1387388,37893000,0,33.39,0,33.18,37893810,346847,33.05,122,33.18,,33.09,0,0,688335.SH,105239,38922,20210706,2470404,74606,35.134,32.257
50640,0,33.22,33.23,33.3,33.34,33.35,2548,17800,200,150,500,33.18,33.12,33.11,33.1,33.09,1600,200,816,816,2615,0,3875744,37899000,0,33.39,0,33.18,37899299,968936,33.05,122,33.18,,33.09,0,0,688335.SH,105239,39537,20210706,2470404,74606,35.134,32.27
63736,0,33.22,33.23,33.3,33.34,33.35,2548,17800,200,150,500,33.18,33.12,33.11,33.1,33.09,1600,200,816,816,2615,0,1726760,37911000,0,33.39,0,33.18,37911532,431690,33.05,122,33.18,,33.09,0,0,688335.SH,105931,39537,20210706,2470404,74606,35.164,32.27
66990,0,33.22,33.23,33.3,33.34,33.35,2548,17800,200,150,500,33.18,33.12,33.11,33.1,33.09,600,200,816,816,2615,0,662468,37914000,0,33.39,0,33.18,37914529,165617,33.05,123,33.18,,33.09,0,0,688335.SH,105931,38537,20210706,2503584,75606,35.164,32.246
70216,0,33.22,33.23,33.3,33.34,33.35,2548,17800,200,150,500,33.18,33.12,33.11,33.1,33.09,400,200,816,816,2615,0,2276,37917000,0,33.39,0,33.18,37917525,569,33.05,124,33.18,,33.09,0,0,688335.SH,105931,38337,20210706,2510220,75806,35.164,32.241
73454,0,33.22,33.23,33.3,33.34,33.35,4148,17800,200,150,500,33.18,33.12,33.11,33.1,33.09,200,200,816,816,2615,0,3285112,37920000,0,33.39,0,33.18,37920519,821278,33.05,125,33.18,,33.09,0,0,688335.SH,107531,38137,20210706,2516856,76006,35.135,32.236
102203,0,33.22,33.23,33.3,33.34,33.35,4148,17800,200,150,500,33.18,33.12,33.11,33.1,33.09,200,200,816,816,2615,0,926000,37945000,0,33.39,0,33.18,37945663,231500,33.05,125,33.18,,33.09,0,0,688335.SH,106631,38137,20210706,2516856,76006,35.148,32.236
131323,0,33.22,33.23,33.3,33.34,33.35,4148,17800,200,150,500,33.18,33.13,33.12,33.11,33.1,200,200,200,816,816,0,2451068,37972000,0,33.39,0,33.18,37972745,612767,33.05,125,33.18,,33.09,0,0,688335.SH,106631,38337,20210706,2516856,76006,35.148,32.241
193577,0,33.22,33.23,33.3,33.34,33.35,4148,17800,200,150,500,33.18,33.13,33.12,33.11,33.1,200,200,200,816,816,0,3354416,38031000,0,33.39,0,33.18,38031213,838604,33.05,125,33.18,,33.09,0,0,688335.SH,106631,37687,20210706,2516856,76006,35.148,32.23
231988,0,33.22,33.23,33.3,33.34,33.35,3948,17800,200,150,500,33.18,33.13,33.12,33.11,33.1,200,200,200,816,816,0,3743732,38066000,0,33.39,0,33.22,38066284,935933,33.05,126,33.18,,33.09,0,0,688335.SH,106431,37687,20210706,2523500,76206,35.152,32.23
235568,0,33.22,33.23,33.3,33.34,33.35,3948,17800,200,150,500,33.13,33.12,33.11,33.1,33.09,200,200,816,816,2615,0,3061456,38070000,0,33.39,0,33.22,38070463,765364,33.05,126,33.18,,33.09,0,0,688335.SH,106431,37487,20210706,2523500,76206,35.152,32.224
93932,0,33.22,33.23,33.3,33.34,33.35,3948,17800,200,150,500,33.13,33.12,33.09,33.08,33.07,200,200,2615,1530,1200,0,1156328,38170000,0,33.39,0,33.22,38170305,289082,33.05,126,33.18,,33.09,0,0,688335.SH,106431,35855,20210706,2523500,76206,35.152,32.184
113976,0,33.22,33.23,33.3,33.34,33.35,3948,17800,200,150,500,33.13,33.12,33.09,33.08,33.07,200,200,2615,580,1200,0,1253152,38189000,0,33.39,0,33.22,38189461,313288,33.05,126,33.18,,33.09,0,0,688335.SH,106431,34905,20210706,2523500,76206,35.152,32.16
117113,0,33.22,33.23,33.3,33.34,33.35,3948,17800,200,150,500,33.13,33.12,33.09,33.08,33.07,200,200,2615,580,200,0,2678652,38192000,0,33.39,0,33.22,38192456,669663,33.05,126,33.18,,33.09,0,0,688335.SH,106431,33905,20210706,2523500,76206,35.152,32.133
132950,0,33.22,33.23,33.3,33.34,33.35,3948,17800,200,150,500,33.13,33.12,33.09,33.08,33.07,200,200,2000,580,200,0,597568,38206000,0,33.39,0,33.22,38206624,149392,33.05,126,33.18,,33.09,0,0,688335.SH,106431,33290,20210706,2523500,76206,35.152,32.115
139397,0,33.22,33.23,33.3,33.34,33.35,3948,17800,200,150,500,33.13,33.12,33.09,33.08,33.07,200,200,2000,580,200,0,735764,38212000,0,33.39,0,33.22,38212737,183941,33.05,126,33.18,,33.09,0,0,688335.SH,106431,33590,20210706,2523500,76206,35.152,32.121
175366,0,33.22,33.23,33.3,33.34,33.35,3948,17800,200,150,500,33.13,33.12,33.09,33.08,33.07,400,200,2000,580,200,0,2270400,38247000,0,33.39,0,33.22,38247369,567600,33.05,126,33.18,,33.09,0,0,688335.SH,106431,33790,20210706,2523500,76206,35.152,32.127
178544,0,33.22,33.23,33.3,33.34,33.35,3948,17800,200,150,500,33.13,33.12,33.09,33.08,33.07,400,200,2000,1194,200,0,262800,38250000,0,33.39,0,33.22,38250302,65700,33.05,126,33.18,,33.09,0,0,688335.SH,106431,34404,20210706,2523500,76206,35.152,32.144
203836,0,33.22,33.23,33.3,33.34,33.35,3948,17800,200,150,500,33.13,33.12,33.09,33.08,33.07,400,200,2000,1194,200,0,940116,38272000,0,33.39,0,33.22,38273078,235029,33.05,126,33.18,,33.09,0,0,688335.SH,106431,32404,20210706,2523500,76206,35.152,32.089
216870,0,33.22,33.23,33.3,33.34,33.35,3448,17800,200,150,500,33.13,33.12,33.09,33.08,33.07,400,200,2000,1194,200,0,1675984,38285000,0,33.39,0,33.22,38286057,418996,33.05,128,33.18,,33.09,0,0,688335.SH,105931,32404,20210706,2540110,76706,35.161,32.089
11981,0,33.22,33.23,33.3,33.34,33.35,3448,17800,200,150,500,33.13,33.12,33.1,33.09,33.08,400,200,1000,2000,1194,0,477316,38327000,0,33.39,0,33.22,38327242,119329,33.05,128,33.18,,33.09,0,0,688335.SH,105931,33404,20210706,2540110,76706,35.161,32.119
24962,0,33.22,33.23,33.3,33.34,33.35,4001,17800,200,150,500,33.13,33.12,33.1,33.09,33.08,400,200,1000,2000,1194,0,3135656,38340000,0,33.39,0,33.22,38340158,783914,33.05,128,33.18,,33.09,0,0,688335.SH,106484,33404,20210706,2540110,76706,35.151,32.119
31096,0,33.21,33.22,33.23,33.3,33.34,290,4001,17800,200,150,33.13,33.12,33.1,33.09,33.08,400,200,1000,2000,1194,0,1981264,38345000,0,33.39,0,33.22,38345462,495316,33.05,128,33.18,,33.09,0,0,688335.SH,106774,33404,20210706,2540110,76706,35.145,32.119
34306,0,33.21,33.22,33.23,33.3,33.34,290,2401,17800,200,150,33.13,33.12,33.1,33.09,33.08,400,200,1000,2000,1194,0,2988928,38348000,0,33.39,0,33.22,38348520,747232,33.05,128,33.18,,33.09,0,0,688335.SH,105174,33404,20210706,2540110,76706,35.175,32.119
119270,0,33.21,33.22,33.23,33.3,33.34,90,2401,17800,200,150,33.13,33.12,33.1,33.09,33.08,400,200,1000,2000,1194,0,1655008,38428000,0,33.39,0,33.21,38428769,413752,33.05,129,33.18,,33.09,0,0,688335.SH,104974,33404,20210706,2546752,76906,35.178,32.119
123063,0,33.2,33.21,33.22,33.23,33.3,2000,90,2401,17800,200,33.13,33.12,33.1,33.09,33.08,400,200,1000,2000,1194,0,1068004,38433000,0,33.39,0,33.21,38433385,267001,33.05,129,33.18,,33.09,0,0,688335.SH,106974,33404,20210706,2546752,76906,35.142,32.119
126315,0,33.2,33.21,33.22,33.23,33.3,2000,90,2401,17800,200,33.13,33.12,33.1,33.09,33.08,200,200,1000,2000,1194,0,2223512,38436000,0,33.39,0,33.21,38436380,555878,33.05,129,33.18,,33.09,0,0,688335.SH,106974,33204,20210706,2546752,76906,35.142,32.113
144801,0,33.2,33.21,33.22,33.23,33.3,2000,90,2401,17800,200,33.13,33.12,33.1,33.09,33.08,200,200,1000,2000,1194,0,3438836,38452000,0,33.39,0,33.21,38452541,859709,33.05,129,33.18,,33.09,0,0,688335.SH,107484,33204,20210706,2546752,76906,35.133,32.113
148049,0,33.2,33.21,33.22,33.23,33.3,2000,90,2401,17800,200,33.13,33.12,33.1,33.09,33.08,200,200,2000,2000,1194,0,827120,38455000,0,33.39,0,33.21,38455539,206780,33.05,129,33.18,,33.09,0,0,688335.SH,107484,34204,20210706,2546752,76906,35.133,32.142
63004,0,33.2,33.21,33.22,33.23,33.3,2000,90,2401,17800,200,33.13,33.12,33.1,33.09,33.08,400,200,2000,2000,1194,0,1453164,38610000,0,33.39,0,33.21,38610430,363291,33.05,129,33.18,,33.09,0,0,688335.SH,107484,34404,20210706,2546752,76906,35.133,32.147
119286,0,33.2,33.21,33.22,33.23,33.3,1500,90,2401,17800,200,33.13,33.12,33.1,33.09,33.08,400,200,2000,2000,1194,0,2937128,38664000,0,33.39,0,33.2,38664533,734282,33.05,130,33.18,,33.09,0,0,688335.SH,106984,34404,20210706,2563352,77406,35.142,32.147
178197,0,33.2,33.21,33.22,33.23,33.3,6500,90,2401,17800,200,33.13,33.12,33.1,33.09,33.08,400,200,2000,2000,1194,0,1540136,38719000,0,33.39,0,33.2,38720130,385034,33.05,130,33.18,,33.09,0,0,688335.SH,111984,34404,20210706,2563352,77406,35.055,32.147
181264,0,33.2,33.21,33.22,33.23,33.3,6500,90,2401,17800,200,33.13,33.12,33.1,33.09,33.08,400,200,2000,2000,614,0,28680,38722000,0,33.39,0,33.2,38723064,7170,33.05,130,33.18,,33.09,0,0,688335.SH,111984,33824,20210706,2563352,77406,35.055,32.131
225064,0,33.2,33.21,33.22,33.23,33.3,6500,90,2401,17800,200,33.13,33.12,33.1,33.09,33.08,700,200,2000,2000,614,0,2541176,38765000,0,33.39,0,33.2,38765747,635294,33.05,130,33.18,,33.09,0,0,688335.SH,111984,34124,20210706,2563352,77406,35.055,32.14
240877,0,33.2,33.21,33.22,33.23,33.3,6300,90,2401,17800,200,33.13,33.12,33.1,33.09,33.08,700,200,2000,2000,614,0,254644,38780000,0,33.39,0,33.2,38780347,63661,33.05,131,33.18,,33.09,0,0,688335.SH,111784,34124,20210706,2569992,77606,35.059,32.14
248147,0,33.2,33.21,33.22,33.23,33.3,6300,90,2401,17800,200,33.13,33.12,33.1,33.09,33.08,500,200,2000,2000,614,0,687596,38787000,0,33.39,0,33.2,38787835,171899,33.05,131,33.18,,33.09,0,0,688335.SH,111784,33924,20210706,2569992,77606,35.059,32.134
